2744 5084
388 660 488 722 rau.
517 646 570 727 11,
597 661 713 713 sacr.
743 664 798 717 nr.
1053 632 1131 728 209

329 1082 404 1147 136-
428 1072 490 1145 .Τ.
510 1071 872 1145 SEGMENTARIUS.

266 1255 466 1328 Abdominis
487 1259 599 1326 medio
620 1258 715 1341 rul03
744 1257 884 1349 pedibus
907 1262 1128 1332 anterioribus
1182 1244 1186 1255 Ι

264 1358 366 1442 mfis,
394 1359 485 1426 conis
508 1372 542 1427 et
568 1360 834 1428 trocbanteribus
860 1362 957 1447 nigro
978 1358 1129 1454 flauoque

263 1457 455 1555 mqlutiu
483 1461 575 1528 tibiis
592 1462 732 1552 posticis
749 1460 821 1527 basi
846 1459 971 1548 albida3
993 1464 1130 1536 faciest

262 1572 483 1629 antennarum
492 1560 565 1630 basi
575 1564 692 1632 subtus
701 1562 805 1631 ssavis.
846 1586 892 1630 m.
905 1560 930 1632 l.

133 1787 313 1865 Statura
344 1793 466 1865 moris
497 1789 677 1892 gracilior
708 1803 769 1865 est
801 1814 912 1892 qnam
951 1788 1126 1882 feminae,

133 1933 224 2008 tque
242 1920 387 1983 statura
407 1922 447 1982 et
461 1907 626 2010 partium
640 1908 890 2012 proportione
904 1910 1129 2012 Trjpbonis

133 2031 248 2117 ralis,
274 2054 298 2102 e
312 2024 479 2102 sectione
494 2041 643 2128 quarta,
671 2026 868 2115 convenit,
895 2038 1123 2128 segmentol

133 2175 224 2222 men
239 2146 359 2247 paulo
371 2146 557 2223 breviore.
613 2149 774 2224 Femina
790 2147 913 2221 affinis
927 2161 986 2220 est
996 2149 1128 2224 Meso-

132 2295 160 2343 ·o
181 2262 379 2365 ruficorni
402 2295 439 2342 n.
462 2274 514 2346 26
542 2265 610 2369 qui
630 2282 757 2342 autem
779 2281 973 2370 segmento
996 2274 1015 2345 1
1040 2267 1127 2342 lon-

132 2410 162 2461 e
178 2400 220 2461 et
233 2386 455 2487 angustiore
467 2384 607 2460 differt.

132 2503 361 2606 Longitudo
375 2506 457 2599 37„
480 2502 643 2581 feminac
658 2501 850 2580 interdum
865 2510 900 2595 4,
923 2502 1122 2582 linearum.

132 2638 188 2703 tut
205 2650 277 2702 ore
300 2638 342 2700 et
361 2622 460 2699 facie
479 2622 603 2712 flavis,
631 2625 861 2700 mandibulis
882 2626 989 2728 apice
1005 2624 1124 2728 nigro,

132 2740 217 2821 inae
230 2744 352 2820 etiam
366 2743 468 2818 linea
482 2741 753 2845 longitudinali
769 2744 882 2819 faciei
896 2745 1013 2846 nigra.
1042 2748 1126 2821 An·

131 2886 195 2955 §aa
216 2863 333 2941 rufae
360 2876 425 2938 aut
451 2860 706 2964 ferrugineae,
735 2891 847 2967 supra
873 2864 1124 2953 obscuriores,

131 2974 225 3061 lulis
250 2992 272 3064 1
294 2997 335 3058 et
352 2992 379 3061 2
397 2981 513 3085 nigris
537 2982 667 3058 subtus
683 2984 806 3075 flavis,
834 2982 998 3060 feminac
1013 3010 1126 3086 supra

138 3114 235 3180 rutae
247 3103 314 3179 vel
329 3101 438 3178 basin
451 3129 582 3178 versus
596 3102 737 3179 fuscae.
785 3103 1001 3182 Scutellum
1016 3103 1125 3205 apice

131 3246 173 3311 o;
199 3220 370 3298 feminae
384 3222 573 3298 interdum
587 3222 667 3297 lere
680 3235 804 3295 totum
818 3222 969 3297 flavum.
1023 3226 1127 3301 Aloe

131 3340 471 3443 iumatohyalinae,
508 3337 683 3442 stigmate
710 3353 750 3414 et
775 3338 883 3414 radio
912 3341 1033 3445 piceis
1060 3359 1127 3419 aut

130 3462 183 3553 is,
209 3462 343 3538 radice
356 3477 396 3536 et
411 3460 606 3565 squamula
621 3457 745 3547 flavis,
772 3459 901 3534 areola
916 3462 1125 3565 irregulari,

130 3583 243 3659 :olata
267 3594 335 3655 aut
355 3579 627 3681 subpetiolata‚
655 3601 772 3654 nervo
798 3581 986 3657 exteriore
1007 3582 1047 3656 in
1069 3581 1126 3656 fe·

130 3730 155 3779 a
189 3699 386 3778 interdum
420 3697 708 3775 subobliterato.
769 3698 893 3777 Pedes
919 3700 1126 3777 anteriores
1169 3699 1171 3704 ’

130 3828 175 3897 ’is
207 3817 332 3906 fulvi,
365 3817 669 3894 trochanteribus
701 3830 743 3894 et
768 3820 874 3894 coxis
907 3818 1032 3909 flavis,
1067 3818 1126 3894 his

130 3957 198 4015 cto
224 3936 381 4014 laterali
406 3939 530 4039 nigro,
553 3939 733 4040 feminae
756 3938 847 4028 rufi,
875 3939 981 4015 coxis
1007 3938 1126 4040 nigris

130 4086 163 4135 :e
177 4062 301 4146 ssavo,
330 4054 633 4133 trochanteribus
651 4055 758 4132 flavis
773 4058 1000 4159 plerumque
1015 4082 1127 4159 supra

129 4195 199 4255 icto
220 4178 355 4278 nigro,
382 4176 519 4277 postici
540 4176 656 4278 nigri,
683 4176 987 4253 trochanteribus
1013 4176 1127 4251 maris

129 4322 165 4375 ce
178 4301 282 4373 {lavo
295 4294 460 4372 feminae
475 4295 583 4398 apice
594 4295 823 4397 ferrugineo
842 4296 948 4370 tibiis
965 4322 987 4370 a
1001 4296 1129 4372 medio

130 4415 233 4495 basin
255 4413 398 4492 albidis
420 4431 485 4490 aut
505 4415 696 4493 interdum
716 4415 757 4492 in
780 4414 920 4493 semina
939 4415 1127 4492 testaceis.

718 4541 767 4618 14
