2564 5078
407 746 460 817 40.
503 745 540 810 C.
562 739 889 810 VIDUATORIUS.

311 914 506 979 Femoribus
519 913 674 1000 tibiisque
686 909 777 989 rufis,
800 910 921 990 burum
934 910 1124 1000 posticisupi

311 1016 422 1102 nigro.
450 1039 494 1078 m.
509 1013 534 1082 s.
578 1016 672 1099 (Mas
688 1014 772 1081 facie
791 1024 826 1080 et
843 1016 937 1081 coxis
959 1012 1124 1081 auteriorib

312 1114 577 1198 albomaculatis3
590 1118 678 1204 fem.
692 1113 816 1182 annulo
837 1114 916 1182 albo
933 1129 1124 1184 antennam

140 1343 144 1351 ’
188 1323 413 1424 Longitudo
434 1324 546 1401 maris
573 1319 799 1430 δᾋ-ΨΛ,
825 1325 997 1403 feminae
1021 1304 1124 1426 273*¹

109 1441 307 1519 linearum.
362 1448 494 1550 Caput
509 1452 629 1522 mauis
643 1443 775 1521 orbitis
791 1444 997 1520 oculorum
1013 1443 1085 1519 inte

110 1565 259 1640 macula
273 1564 419 1657 faciali,
449 1566 644 1666 alteraque
665 1563 810 1666 clypei,
839 1566 968 1668 pulpis
983 1580 1026 1641 et
1082 1580 1085 1585 ’

111 1684 224 1774 bulis,
240 1686 358 1776 flavis,
381 1685 440 1763 his
455 1686 564 1788 apice
578 1682 714 1771 fuscis3
729 1685 910 1784 feminae
922 1685 1046 1761 rarius

111 1805 278 1905 nigrum,
313 1807 540 1908 plerumque
574 1802 709 1879 orbitis
744 1803 905 1881 internis
942 1821 986 1883 ct
1017 1831 1065 1885 ex

111 1924 311 2001 oculorum
324 1926 503 2007 tenuibus
519 1922 819 2014 flavescentibus,
841 1924 954 1999 labro
968 1925 1054 2002 rufe

112 2059 178 2120 aut
206 2045 460 2134 subcutaneo,
489 2046 614 2148 pulpis
641 2043 770 2120 fuscis.
823 2047 1039 2122 Antennae

111 2188 273 2265 corpore
289 2165 406 2266 paulo
419 2164 611 2242 breviores
626 2178 823 2266 porrectae
838 2164 1091 2253 subsetaceae,

111 2283 234 2358 ticulo
252 2294 270 2363 1
289 2285 420 2360 subtus
444 2284 590 2372 albid03
607 2285 786 2385 feminae
805 2285 1034 2384 graciliores
1085 2280 1094 2298 ⁶

111 2429 208 2492 mes,
237 2428 398 2505 corpore
425 2404 586 2480 dimidio
611 2403 821 2509 lougiores,
849 2405 963 2505 apice
994 2408 1057 2483 iuc

112 2523 283 2598 articulis
315 2531 561 2612 6—9-10‚
597 2523 788 2598 interdum
821 2523 942 2600 etiam
973 2534 1041 2616 11,

112 2643 243 2716 subtus
263 2642 396 2732 fuscis,
425 2645 544 2718 rarius
574 2651 689 2721 3-6
715 2642 965 2746 piceofuscis,
997 2645 1066 2721 rari
1096 2638 1103 2656 ⁸

112 2761 203 2836 solis
219 2771 242 2838 7
257 2777 296 2836 et
310 2771 332 2838 8
348 2779 490 2862 puncto
507 2764 605 2837 albo.
660 2763 828 2841 Thorax
849 2763 989 2862 gibbus
1015 2793 1075 2841 seu

111 2882 405 2983 bocylindricus,
421 2881 583 2958 feminac
600 2882 767 2986 gibbior3
796 2882 1064 2988 plerumquep

112 3000 239 3074 albido
254 3003 323 3076 sub
338 3003 424 3091 alis,
452 3002 572 3078 rarius
593 3001 707 3076 etiam
722 3001 863 3077 lineola
880 3004 968 3077 alba
987 3023 1070 3082 ante

110 3121 366 3197 metathorace
390 3121 658 3222 utplurimum
682 3120 893 3195 tuberculis
918 3124 1066 3201 duobus

112 3241 243 3316 acutis.
298 3243 515 3320 Scotellum
529 3241 678 3316 macula
694 3239 933 3318 albidoflava.
993 3248 1086 3323 Alce

112 3360 277 3450 diceres,
304 3361 417 3435 maris
437 3360 632 3462 hyalinae,
660 3359 822 3434 feminae
838 3360 1085 3466 sumatohya'

114 3482 288 3582 stigmate
319 3497 358 3556 et
387 3480 492 3554 radio
519 3480 635 3554 fuscis
660 3495 725 3553 aut
746 3479 883 3580 picei8‚
915 3485 1043 3561 radice
1063 3477 1092 3585 μ’

114 3601 310 3700 squamula
332 3602 393 3677 vel
414 3616 494 3674 tota
523 3600 608 3674 alba
636 3599 697 3673 vel
724 3593 871 3673 macula
904 3604 1032 3705 nigra,

114 3719 454 3820 quinqueangulari
475 3720 537 3796 rel
562 3719 865 3818 subtriangulari.
926 3724 1049 3800 Pedes

115 3837 188 3924 les,
217 3838 379 3915 {eminae
407 3841 524 3943 paulo
551 3838 768 3924 crassiores,
797 3841 889 3927 ruli,
919 3843 1024 3916 coxis
1044 3854 1077 3916 et

114 3955 355 4033 chanteribus
371 3961 505 4061 nigris,
534 3959 625 4031 mari
642 3973 766 4033 autem
781 3960 1034 4036 anterioribus
1048 3985 1062 4032 s

116 4079 261 4156 macula
277 4079 372 4174 alba,
400 4082 533 4159 mediis
547 4079 665 4154 rarius
680 4078 770 4153 totis
786 4079 923 4180 nigris3
953 4073 1078 4185 postici
