2564 5078
554 290 763 344 TRYPHOI(

375 618 447 682 120.
490 606 535 676 Τ.
556 604 935 676 ARMILLATORIUS.

323 797 507 885 Segmentis
526 793 861 887 pallidemarginatis,
881 794 1004 865 mediis
1014 796 1117 865 dorso
1133 808 1180 867 ta-

321 898 455 979 staceis3
486 896 628 988 pedibus
655 897 751 981 rufis,
787 896 1020 988 anterioribus
1035 899 1126 967 coxis
1149 908 1179 969 cl

320 999 587 1067 trocbanteribus
608 1000 718 1084 flavis,
745 999 885 1091 posticis
908 998 1005 1067 tarsis
1033 1010 1068 1067 et
1083 1000 1177 1068 tibia·

319 1124 394 1167 rum
407 1100 500 1188 apice
512 1100 639 1193 nigris3
659 1112 795 1193 pectore
808 1098 894 1168 facie
905 1110 940 1169 et
949 1099 1097 1171 thoracis
1108 1100 1176 1193 pic·

319 1202 404 1271 turis
419 1200 551 1272 albidis.
591 1226 638 1273 m.

196 1423 420 1528 longitudo
439 1427 508 1530 27,
520 1430 606 1507 -4
627 1426 827 1505 linearum.
881 1428 1015 1535 Caput
1029 1424 1127 1505 lacis
1141 1436 1175 1505 st

119 1570 187 1624 ore
205 1547 312 1623 flavis
334 1562 400 1624 aut
419 1547 604 1637 chunnis,
630 1546 752 1624 radus
765 1548 896 1625 colore
908 1570 1022 1623 roseo
1034 1546 1178 1639 tinctisr

118 1666 345 1745 mandibulis
365 1667 475 1770 apice
493 1666 614 1744 fusco.
667 1668 873 1747 Autannce
891 1690 1055 1771 corpore
1067 1666 1175 1770 paulo

118 1786 310 1864 breviores
326 1789 492 1892 paulove
505 1787 707 1889 longiores,
735 1787 946 1878 filisormes,
973 1789 1084 1891 apice
1095 1786 1175 1892 plat

117 1906 241 1984 minus
261 1924 456 1997 curvatae3
483 1909 616 1984 subtus
636 1908 809 1984 articulis
826 1916 845 1986 1
862 1914 942 1986 et2
960 1908 1098 1985 albidis
1117 1906 1177 1985 ad

116 2027 242 2119 flavis,
275 2028 435 2133 reliquia
463 2029 691 2132 plerumque
717 2027 944 2130 ferrugineis
967 2044 1035 2105 aut
1052 2026 1174 2113 toric

117 2147 288 2225 Thorax
317 2150 513 2251 gibbulua3
541 2150 634 2225 colli
664 2150 850 2254 margine,
877 2163 1054 2252 pectore,
1082 2146 1173 2225 lim

115 2270 275 2345 saturali
302 2269 379 2344 lata
408 2270 470 2346 vel
498 2271 649 2346 macula
674 2286 762 2355 ante
789 2270 884 2360 alas,
915 2284 1064 2370 puncto
1087 2264 1173 2377 iuba

113 2389 208 2480 alas,
235 2390 460 2492 plerumque
482 2390 623 2468 lineola
645 2391 741 2466 infra
763 2390 969 2467 scutellum
990 2403 1033 2464 et
1052 2378 1183 2465 saud

113 2508 262 2585 laterali
278 2510 379 2585 inter
392 2509 657 2611 protboracem
676 2528 715 2586 et
729 2509 1043 2597 metatboracem,
1071 2504 1173 2583 rarit-

112 2628 207 2704 sime
227 2628 340 2704 etiam
361 2645 505 2730 puncto
525 2630 683 2722 dorsali,
712 2631 830 2706 ssavis.
884 2626 1172 2706 Scutellumtb·

112 2773 214 2823 vum.
274 2750 379 2827 Aloe
405 2749 641 2851 subamplae,
668 2750 862 2852 hyalinae,
897 2749 1059 2838 irideae3
1091 2746 1178 2849 stig?

110 2880 211 2940 mate
240 2880 280 2942 et
305 2868 412 2943 radio
438 2868 555 2945 fuscis
582 2884 647 2943 aut
671 2870 809 2971 piceis,
842 2869 964 2945 rarius
991 2856 1174 2955 usucaa'

111 2985 237 3062 radice
253 3002 292 3062 et
307 2989 502 3089 squamula
523 2989 709 3064 exalbidis
729 3007 794 3064 aut
816 2989 940 3076 flavis,
968 2988 1096 3064 areola
1117 2980 1168 3061 rel

109 3107 264 3182 omnino
279 3109 404 3196 nulla,
431 3108 494 3184 vel
515 3109 738 3211 triangulari
764 3110 962 3210 irregulari
985 3105 1168 3209 subpetio·

109 3226 184 3300 lata
207 3227 457 3332 incompleta,
485 3244 552 3304 aut
579 3228 741 3330 vestigio
762 3228 1049 3303 obsoletissimo
1074 3218 1166 3303 ueni

109 3347 319 3424 exterioris.
391 3347 515 3427 Pedes
548 3349 799 3451 subgraciles,
840 3349 931 3435 rusr3
970 3350 1181 3425 anterioratl

107 3465 212 3540 coxis
227 3483 268 3543 et
280 3466 603 3556 trochanteribus,
631 3469 753 3543 rarius
770 3468 882 3544 etiam
896 3466 1086 3543 femorum
1100 3462 1174 3569 api-¹·

108 3585 229 3678 cibus,
255 3587 527 3689 pallidellavis3
555 3589 694 3692 postici
710 3589 819 3665 tarsis
834 3587 950 3688 nigris
966 3604 1035 3663 aut
1050 3586 1162 3671 fuscia,

105 3700 210 3778 tibiis
232 3707 408 3781 testaceis
427 3723 492 3783 aut
511 3709 697 3785 exalbidis
718 3709 827 3810 apice
847 3708 958 3808 nigro
976 3724 1044 3783 aut
1058 3706 1177 3787 tusca

105 3824 296 3900 interdum
316 3826 501 3903 femorum
524 3829 631 3930 apice
655 3830 865 3931 nigricante
890 3840 956 3902 aut
978 3828 1088 3905 fusco
1112 3814 1180 3903 vol'

104 3945 209 4020 coxis
224 3960 263 4021 et
276 3945 578 4023 trochanteribus
593 3949 685 4023 totis
706 3967 772 4026 aut
791 3949 889 4024 infra
905 3946 1164 4051 pallideflaais·

101 4065 305 4147 Attamen
316 4068 453 4173 capitis
469 4067 712 4174 thoracisque
727 4069 969 4172 longitudine
983 4070 1044 4148 vel
1056 4064 1175 4173 paulo
