2564 5078
109 265 182 337 192
539 278 748 331 rnrrnon

107 458 252 548 puncto
277 444 393 541 flavo,
420 441 541 519 rarius
565 443 658 519 totis
685 441 822 547 nigris3
848 441 992 545 postici
1010 442 1086 523 cosi

107 562 315 638 femoribus
330 562 465 664 nigris,
493 563 797 640 trochanteribua
816 561 939 639 rarius
951 562 1086 639 totisni

108 698 175 757 aut
202 681 324 771 flavis,
358 683 586 784 plerumque
613 710 725 786 supra
753 680 871 784 nigris
899 682 1086 761 subtusa

107 802 213 877 tibiis
234 801 340 877 flavis
363 802 470 904 apice
491 819 529 877 et
549 829 692 877 summa
711 802 794 877 basi
826 802 944 903 nigris
964 815 1031 878 aut
1048 800 1085 877 ni

108 920 241 1010 luscis,
268 920 380 995 tarsis
401 922 464 997 vel
487 923 577 997 rufis
597 937 664 995 aut
683 919 901 996 flavolulvis
921 920 1086 997 articulo

108 1041 279 1144 apicibus
300 1039 436 1128 fuscis,
463 1039 527 1114 rel
547 1037 663 1114 luscis
684 1040 765 1115 basi
794 1038 947 1116 articuli
974 1037 1082 1141 primi

107 1162 222 1238 etiam
243 1159 398 1236 secundi
414 1159 521 1235 flava.
575 1157 779 1245 Abdomen
801 1158 928 1262 eapite
942 1156 1086 1234 thoraca

106 1282 224 1385 paulo
240 1279 390 1380 longius
406 1278 598 1380 pauloque
618 1278 830 1381 angustius,
858 1278 1010 1366 sessile,
1037 1274 1086 1353 sul

107 1399 322 1488 lindricnm‚
351 1399 460 1501 apice
474 1398 591 1501 paulo
608 1398 808 1489 crassiore
836 1406 1066 1500 segmentol

107 1521 240 1596 tudine
255 1518 371 1621 paulo
387 1519 577 1621 longiore,
605 1519 816 1621 aequilato,
843 1518 1031 1607 scabroso,
1056 1514 1086 1592 li

108 1640 252 1714 duabus
266 1638 438 1727 elevatis,
467 1638 633 1739 margine
652 1638 732 1714 lato
746 1640 862 1729 flavo,
890 1637 1011 1714 rarius
1025 1660 1081 1711 ma

108 1758 248 1834 dorsali
262 1758 358 1834 flava
372 1783 458 1833 cum
472 1757 640 1859 margine
652 1758 750 1834 flavo
765 1761 1000 1845 conlluente3
1013 1766 1086 1857 211¹

107 1879 158 1953 tis
184 1876 365 1953 confertis
395 1880 584 1966 scabros0,
617 1878 787 1980 margine
814 1878 914 1969 lato,
946 1874 1086 1980 plerum

108 1997 259 2101 punctis
272 1994 420 2071 dnobus
433 1996 647 2072 dorsalibus
662 2023 750 2073 cum
762 1996 932 2098 margine
946 1994 1086 2071 oonllne

106 2117 196 2206 bus,
222 2115 347 2205 flavis,
374 2113 494 2191 rarius
517 2132 711 2219 segmento
729 2132 814 2193 toto
832 2117 933 2193 flavo
945 2112 1086 2217 anguli

107 2263 192 2313 aeos
207 2237 297 2313 solis
312 2234 448 2336 nigris,
476 2241 679 2314 3-4-6
693 2236 862 2337 margine
871 2259 1021 2311 summo
1033 2232 1086 2307 dn

98 2357 244 2460 glauco
261 2371 326 2431 aut
337 2354 546 2443 flavicante
575 2365 806 2458 spraeterea
821 2354 1086 2431 rarissimam

108 2475 249 2551 dorsali
269 2475 419 2576 didyma
438 2475 654 2564 ssavieante;
680 2476 705 2552 ὅ
725 2489 765 2550 et
784 2482 810 2553 6
830 2488 966 2551 ventre
979 2471 1086 2577 pletis

99 2595 333 2695 .(leminis?)
353 2594 424 2669 sub
444 2595 570 2694 specie
589 2595 763 2673 valvulae
776 2592 1086 2696 prominentibus·

187 2714 381 2810 Quaedam
409 2713 602 2789 individua
630 2715 734 2817 cepi,
761 2713 837 2788 fine
854 2711 1085 2814 Septembris

108 2834 200 2935 pino
214 2834 388 2933 sylvestri
404 2833 502 2907 circa
518 2835 746 2936 Trajectum
761 2832 816 2909 od
832 2834 875 2911 V
873 2832 1031 2910 iodrum
1039 2861 1054 2919 ,·
1076 2860 1086 2905 ι

108 2952 215 3027 nulla
231 2950 280 3027 ab
296 2950 494 3029 Ueclrtritz
512 2952 607 3053 legit
628 2952 728 3026 cirea
741 2953 908 3051 Steglitz
921 2967 961 3027 et
975 2953 1086 3032 Ziata

108 3072 239 3148 eadem
268 3072 417 3159 arbore3
445 3072 588 3171 Klugio
613 3072 738 3172 pluria
768 3070 964 3146 individua
995 3096 1086 3174 pron

109 3207 197 3266 runt
232 3195 396 3269 elnrris
422 3191 695 3268 Tenthredinis
724 3197 817 3293 pini.
852 3233 906 3250 —-
937 3192 1040 3280 Alia,
1072 3216 1086 3265 s

113 3314 168 3389 W
164 3310 387 3400 ormbrunn,
413 3310 729 3399 Sickerskamen
757 3312 799 3389 V
798 3308 1048 3402 indobonam,
1072 3310 1086 3387 l

111 3458 211 3508 mam
233 3446 272 3507 et
289 3429 444 3507 Aboam
463 3446 590 3531 capta,
619 3428 835 3506 transmissa
858 3447 959 3506 sunt.

498 3650 793 3727 varietates:

191 3796 223 3864 1.
256 3788 472 3887 Segmentis
502 3792 521 3863 1
548 3802 586 3863 et
611 3797 638 3865 2
667 3794 841 3887 margine
868 3788 997 3867 rnedio
1024 3786 1086 3867 dos

98 3902 227 4000 floro.
255 3949 308 3963 --
332 3904 552 4006 longitudo
567 3904 772 4005 273-47,
792 3907 992 3983 linearum.
1039 3908 1086 3987 Al

111 4054 194 4104 men
216 4026 418 4126 segmentis
436 4035 455 4104 1
472 4034 548 4103 et2
562 4024 730 4127 margine
751 4026 890 4101 dorsali
911 4024 1086 4103 modioli
