2744 5084
182 660 287 715 rsit.
318 644 905 729 1,tm·tt.uusotserus.
1030 652 1080 723 td

132 852 167 922 u,
183 825 349 903 thorace
362 823 567 930 angustius,
581 825 770 903 interdum
783 840 910 907 autem
923 824 1080 907 thorace

132 947 244 1052 luplo
275 949 446 1051 longius,
480 971 606 1050 eoque
633 947 698 1023 vix
727 947 843 1050 paulo
871 948 1077 1053 angustius,

132 1068 397 1172 golusilorme‚
424 1066 572 1170 apicem
592 1092 721 1143 versus
743 1069 969 1171 plerumque
989 1072 1077 1146 sub-

132 1214 285 1278 essum,
313 1186 538 1292 praeprimis
565 1185 606 1260 in
634 1185 804 1277 seminia
831 1205 1027 1292 segmento
1054 1200 1074 1269 1

148 1305 382 1398 sublineari,
410 1307 560 1411 apicem
580 1331 710 1382 versus
739 1306 877 1383 senaim
904 1307 1074 1397 dilatato,

163 1429 280 1533 spice
302 1428 531 1530 plerumque
556 1423 643 1526 plus
675 1426 799 1504 minus
832 1426 936 1518 rufo,
967 1442 1077 1530 parte

156 1550 223 1627 vel
247 1547 455 1624 latitudine
474 1544 666 1645 longiore,
701 1547 928 1650 plerumque
955 1547 1076 1650 duplo
1209 1574 1216 1595 ¹

132 1696 168 1746 rs
183 1667 312 1771 duplo
326 1666 516 1770 longiore,
544 1665 606 1741 vel
621 1664 861 1767 longitudine
882 1667 1000 1770 paulo
1021 1666 1077 1741 ls-

133 1788 320 1865 omnibus
340 1804 467 1865 autem
480 1785 720 1888 longitudine
734 1784 884 1887 petioli,
903 1786 978 1863 hoo
991 1787 1076 1891 ple-

132 1935 164 1985 re
182 1907 377 1998 earinsto,
403 1904 613 1983 tuberculis
636 1903 859 1982 lateralibus
880 1906 1077 2010 prominu-

132 2027 260 2105 rarius
275 2042 360 2103 toto
376 2026 462 2104 rulo
483 2040 550 2103 aut
562 2041 645 2101 toto
661 2025 784 2126 nigro,
812 2040 856 2102 ut
869 2025 1076 2130 plurimum

146 2148 374 2252 angustiore
400 2146 463 2225 vel
483 2144 620 2222 latiore
642 2160 708 2220 aut
729 2145 912 2222 lateribus
936 2145 1075 2248 nigris3

132 2268 203 2345 nlo
216 2283 315 2363 toto,
328 2269 392 2345 vel
406 2265 565 2343 maculis
580 2264 726 2341 duabus
740 2263 924 2341 obsoletis
939 2281 1005 2341 aut
1019 2265 1076 2340 la-

132 2387 302 2491 tnigris,
329 2388 393 2464 vel
415 2386 523 2488 nigro
536 2385 617 2460 basi
633 2384 735 2473 ruis3
763 2387 863 2465 4vel
876 2399 961 2461 toto
975 2385 1074 2476 rufo,

132 2507 241 2585 mulis
256 2507 403 2584 duabus
416 2506 597 2583 obsoletis
613 2521 678 2581 aut
691 2504 800 2607 apice
812 2503 939 2607 nigris,
956 2505 1076 2581 rarius

132 2626 235 2729 igro3
264 2625 510 2730 sequentibus
529 2626 664 2728 nigris,
693 2624 882 2700 interdum
897 2624 1077 2726 margini·

132 2746 261 2824 smmis
297 2744 662 2834 subrulesceutibus3
695 2744 934 2822 stutendum
962 2744 1076 2820 dorso

132 2884 275 2957 teneo,
303 2880 369 2940 aut
386 2865 466 2941 basi
490 2866 591 2955 rufa,
618 2863 738 2939 rarius
758 2864 840 2941 fere
860 2879 945 2939 toto
974 2863 1073 2940 rufo.

132 3013 179 3064 us
210 2986 438 3088 plerumque
466 2986 724 3074 absconditus,
757 2983 878 3059 rarius
906 2997 1075 3058 exsertus

132 3106 276 3196 oimus,
304 3103 429 3206 niger,
455 3106 575 3182 rarius
589 3104 707 3181 rufus.

132 3226 284 3315 eminae,
327 3248 400 3300 ano
433 3227 564 3301 clauso
597 3239 637 3302 et
669 3220 803 3298 aculeo
842 3219 1075 3311 abscondito,

132 3346 237 3422 ribus
277 3344 341 3421 vix
387 3342 569 3446 distingui
612 3358 782 3445 possunt.
866 3339 1077 3416 Individuis

132 3495 153 3554 l,
178 3465 315 3541 asuleo
334 3462 435 3540 haud
455 3462 679 3564 conspicuo,
709 3458 944 3564 segmentum
958 3457 1077 3560 septi·

132 3600 259 3661 ventre
272 3584 337 3661 vel
353 3585 446 3658 rima
469 3581 740 3684 longitudinali
756 3578 886 3656 fissum
900 3579 964 3655 vel
979 3576 1077 3653 inte-

142 3718 200 3778 est
218 3719 258 3780 et
279 3704 469 3780 interdum
482 3702 613 3777 conuli
628 3701 755 3776 obtusi
769 3698 895 3775 brevis
910 3697 1079 3800 speciem

132 3836 178 3897 et
232 3822 307 3898 Illa
329 3846 399 3924 pro
423 3820 574 3899 feminis
595 3819 734 3910 habeo,
762 3818 898 3894 aculeo
918 3817 1078 3892 abscon·

132 3937 358 4017 baccautem
372 3964 442 4043 pro
454 3940 632 4016 maribus.
674 3939 747 4015 Sed
762 3939 857 4015 rima
871 3939 954 4041 ipsa
966 3934 1079 4013 femi·

132 4057 258 4137 thaad
276 4084 427 4163 semper
446 4059 544 4138 bene
556 4058 736 4136 distincta
748 4072 817 4137 est.
873 4059 1078 4132 Caeterum

132 4204 141 4253 ι
165 4179 360 4257 individua
386 4180 529 4270 omnia,
557 4178 794 4282 quaemihi,
822 4202 844 4253 e
870 4177 972 4253 notis
999 4174 1078 4278 jam

132 4323 156 4388 ι,
181 4324 303 4377 mares
326 4313 433 4390 suut,
460 4298 576 4376 etiam
599 4297 703 4375 coxis
718 4296 972 4376 anterioribus
985 4294 1079 4370 totis

132 4419 293 4499 utimum
312 4435 462 4527 partem
483 4419 590 4499 flavis
614 4416 805 4498 aleminis
831 4416 1026 4495 differunt.
