2744 5084
511 600 517 609 '
582 614 784 669 suusuou

456 776 729 857 varietates
754 774 913 855 marlai

235 926 269 996 1.
323 919 449 995 Coxis
476 922 617 1017 nigris,
650 910 910 995 anterioribus
928 906 1233 1009 subtus'flotdff

153 1083 207 1097 -
232 1036 453 1138 longitudo
473 1038 587 1115 4-6
605 1035 804 1113 linearum.
858 1032 1233 1135 Antennoenignss¹

154 1158 285 1233 subtus
300 1158 362 1234 vel
375 1155 537 1233 articulo
550 1154 692 1246 eruto,
716 1156 779 1231 vel
795 1152 966 1231 articulis
984 1162 1004 1231 1
1020 1166 1061 1231 et
1073 1160 1101 1231 2
1112 1148 1233 1249 flaviis

154 1278 346 1365 cantibus,
382 1282 497 1355 8-6
521 1273 800 1353 rufescentibus
830 1272 970 1349 sensim
989 1268 1233 1367 obscuriori<

152 1398 234 1474 bus.
288 1398 461 1474 Thorax
477 1408 621 1495 puncto
641 1393 789 1471 minuto
805 1392 1119 1498 pallidettstacco
1131 1392 1232 1471 autb

153 1517 298 1593 alarum
313 1516 490 1593 radicem.
544 1515 649 1593 Aloe
661 1511 836 1614 stigmate
850 1526 890 1590 et
903 1510 1011 1588 radio
1023 1512 1143 1591 fuscis
1156 1524 1230 1599 aut

153 1635 452 1737 picentestaceis,
473 1633 601 1710 radice
615 1648 655 1712 ct
669 1632 866 1736 squamula
882 1630 1070 1723 testaceis,
1092 1630 1233 1711 amate

153 1754 351 1856 irregulari
378 1752 644 1855 subpetiolata.
707 1752 831 1833 Pedes
859 1749 1068 1829 anteriores
1095 1750 1233 1831 diluta

152 1875 242 1964 rufi,
271 1874 375 1948 coxis
405 1872 521 1975 nigris
551 1872 683 1949 subtus
711 1872 837 1965 flavis,
864 1870 1000 1951 mediis
1027 1870 1233 1949 inserunt

152 1993 243 2068 totis
260 1993 387 2095 nigris,
413 1992 716 2069 trochanteribus
732 1994 850 2082 listris,
877 1990 1012 2069 mediis
1026 1980 1229 2067 interdu&

153 2140 315 2216 superne
342 2111 476 2214 nigris,
510 2112 649 2215 postici
678 2112 794 2214 nigri,
821 2112 928 2187 tibiis
955 2108 1064 2187 basin
1086 2118 1225 2189 versut

151 2234 257 2323 ruiis,
284 2233 392 2308 tarsis
405 2232 467 2309 vel
483 2233 652 2309 articulis
674 2239 792 2315 a-4
813 2246 853 2309 et
867 2230 976 2334 apice
991 2230 1105 2333 primi
1121 2228 1233 2307 albi*-

151 2354 227 2444 dis,
255 2354 316 2431 vel
340 2352 511 2429 articulis
535 2352 854 2433 Set4testaceis.
909 2350 1113 2431 Abdomen
1135 2376 1229 2453 scg-

151 2490 280 2550 mento
297 2483 316 2552 1
333 2474 441 2575 nigro
457 2473 565 2575 apice
580 2474 686 2562 rufos
713 2480 830 2553 s-4
849 2474 958 2562 ruiis,
987 2478 1012 2550 4
1027 2470 1228 2547 interdum

150 2593 317 2695 margine
352 2594 479 2696 nigre,
519 2594 764 2696 sequentibus
799 2593 934 2694 nigris,
968 2595 993 2671 5
1028 2590 1231 2667 interdum

151 2714 297 2815 angulis
330 2714 462 2789 baseos
496 2716 600 2790 rufis.
635 2758 689 2775 --
722 2715 881 2789 Caetera
912 2710 1012 2790 sicut
1045 2710 1086 2787 in
1115 2730 1227 2787 maro

150 2834 327 2937 genuino

226 2951 469 3029 Indiuiduum
498 2979 631 3043 unum,
660 2978 781 3057 prope
808 2950 1108 3032 Steterstansen
1127 2972 1230 3053 cap-

150 3085 248 3159 tum,
282 3071 383 3148 Nees
414 3072 464 3149 ab
493 3072 686 3151 Esenbecis
721 3100 871 3149 mecum
904 3069 1219 3157 communicavits

151 3192 312 3267 alterum
327 3192 553 3298 sennicum,
580 3192 695 3294 idque
716 3194 860 3283 minus,
889 3192 1061 3268 antennis
1085 3191 1221 3267 subtus

150 3311 432 3411 pallidioribus,
460 3311 564 3389 coxis
587 3314 721 3388 mediis
743 3314 835 3389 totis
858 3313 993 3414 nigris,
1021 3311 1225 3413 tarsispo-

151 3430 255 3505 sticis
289 3432 432 3506 annulo
464 3446 652 3527 testaceo,
694 3449 889 3538 segmento
921 3436 946 3513 5
979 3446 1063 3509 toto
1096 3433 1215 3585 nigro,

149 3548 346 3653 Sodlberg
359 3552 579 3631 transmisit.

224 3782 261 3854 2.
305 3778 430 3853 Cossis
445 3783 582 3878 nigris,
599 3783 717 3855 tarsis
731 3783 891 3882 posticis
910 3780 1004 3853 totis
1008 3776 1151 3880 fuscis.
1164 3814 1218 3835 ·-

150 3892 373 3994 longitudo
399 3888 564 4001 ‹Vi-d
594 3897 791 3975 linearum.
853 3895 976 3975 Pedes
1007 3895 1216 3971 anteriores

149 4016 221 4091 ruli
243 4029 309 4093 aut
328 4014 445 4107 fulvi,
478 4016 583 4093 coxis
608 4016 741 4119 nigris,
768 4013 1074 4093 trochautcribus
1098 4014 1217 4118 nigris

149 4149 219 4221 aut,
234 4135 357 4225 flavias
384 4135 522 4237 postici
553 4136 669 4240 nigri,
697 4135 1002 4213 trochsnteribus
1024 4135 1217 4212 interdum

148 4254 272 4344 ilaris,
299 4254 405 4331 tibiis
429 4256 510 4333 basi
532 4255 759 4360 ferrugineis
788 4271 854 4333 aut
882 4254 1075 4344 testaceis,
1103 4255 1216 4331 tarsis

147 4373 263 4453 fuscis
277 4391 342 4455 aut
356 4373 573 4480 ferrugineo
587 4375 713 4453 fuscis.
746 4379 848 4456 Aloe
861 4378 1035 4480 stigmate
1049 4386 1089 4451 et
1104 4372 1213 4449 radio
