2564 5078
546 284 754 341 aurifluis

393 691 466 758 an.
491 682 549 769 ,a
571 681 824 751 amaron.
868 707 904 749 n.

318 854 484 932 Sericcus,
511 851 692 919 femoribus
713 852 870 938 tibiiaque
891 850 985 920 natis.
1026 874 1070 920 m.

193 1057 415 1159 longitudo
439 1058 551 1133 maris
572 1059 752 1158 a-w„
780 1058 945 1135 semime
965 1057 1037 1160 2¹),
1050 1098 1083 1116 -

117 1176 314 1253 linearum.
370 1180 521 1280 Corpus
535 1177 731 1253 sericeum.
786 1182 918 1280 Caput
930 1202 999 1254 ore
1012 1176 1083 1280 pler

117 1320 192 1398 que
211 1296 298 1372 rulo
317 1310 383 1372 aut
400 1295 798 1399 obscuroierrugineo,
826 1295 1083 1373 mandibulisa

117 1414 236 1518 nigro.
288 1417 493 1494 Antennce
505 1438 666 1516 corpore
679 1415 838 1491 dimidio
851 1417 1083 1519 longiorem

116 1551 292 1613 curvatae
311 1533 618 1637 subgraciliores,
644 1534 834 1611 rarissime
855 1534 988 1612 subtus
1002 1535 1083 1613 velt

116 1656 178 1733 vel
193 1654 301 1732 basin
320 1681 450 1732 versus
472 1654 808 1757 ruloierrugineae.
864 1652 1083 1756 Thoraxgt

116 1775 186 1851 lus.
241 1777 345 1854 Aloe
361 1773 539 1877 hyalinae
560 1789 625 1851 aut
647 1772 1059 1877 subiumatohyalinae,

116 1910 215 1970 mate
235 1911 274 1971 et
293 1895 400 1971 radio
420 1895 555 1985 luscis,
582 1894 709 1973 radice
736 1894 843 1972 lusca
870 1907 938 1970 aut
966 1891 1083 1970 strami

116 2014 505 2116 squamulatestacea3
519 2015 645 2090 areola
658 2014 1083 2118 obliquetransversa,pt

116 2132 325 2234 irregulari,
348 2139 531 2240 petiolata
546 2151 611 2210 aut
626 2133 893 2237 subpetiolata.
949 2132 1083 2212 Pedes*

114 2252 278 2328 diusculi
307 2254 555 2343 breviusculi,
583 2256 672 2345 rufi,
700 2256 805 2330 coxis
833 2255 969 2356 nigris,
1004 2248 1083 2329 trau*

114 2374 258 2450 teribus
280 2373 342 2451 vel
363 2373 479 2474 nigris
502 2375 611 2477 apice
633 2375 719 2452 rulo
740 2377 799 2452 vel
820 2375 939 2450 rarius
960 2373 1083 2449 totis!

113 2495 217 2570 tibiis
240 2495 465 2596 plerumque
484 2495 565 2569 basi
586 2521 729 2571 summa
750 2494 865 2596 paulo
885 2493 1083 2596 pallidiore

113 2616 323 2691 flavicante.
377 2613 580 2692 Abdomeu
594 2614 812 2701 subsessile,
841 2613 982 2715 capitis
996 2613 1083 2689 thor·

113 2763 187 2836 que
201 2733 457 2836 longitudine,
486 2735 547 2810 vel
562 2734 677 2836 paulo
693 2733 861 2833 longius,
889 2731 1083 2834 thoracep

114 2856 326 2954 angustius,
354 2854 418 2930 vel
432 2855 653 2955 oblongum,
680 2854 742 2930 vel
758 2852 1080 2953 subcylindricum

112 2976 249 3050 mentis
270 2984 384 3054 2-6
404 2975 620 3076 aequilatis,
643 2974 794 3050 leminis
816 2973 925 3074 apice
946 2973 1083 3074 paulo«

113 3095 229 3180 siore·,
256 3112 450 3194 segmento
470 3104 487 3174 1
506 3094 710 3170 latitudine
726 3093 911 3194 longiore,
928 3094 1073 3197 apicem

111 3241 173 3289 sus
194 3213 332 3290 sensim
351 3217 466 3316 paulo
488 3214 664 3302 dilatato,
693 3214 805 3288 lineis
832 3213 979 3288 duabus
1000 3214 1082 3289 elev

111 3335 270 3436 reliquis
292 3335 517 3437 plerumque
532 3333 686 3408 summis
700 3333 932 3434 marginibus
953 3331 1084 3409 rufesu

110 3451 192 3530 bus.
221 3497 272 3511 —
299 3454 502 3528 Nonnullis
530 3451 810 3529 individuorum
832 3451 1083 3527 abdominisa

111 3571 210 3646 haud
233 3575 436 3648 incrassato
457 3576 584 3677 stylus
602 3573 792 3675 prominet
814 3597 858 3646 ex
879 3597 952 3646 ano
967 3569 1083 3648 brevis

110 3707 235 3781 tusus,
264 3693 302 3766 in
326 3717 403 3767 uno
433 3694 628 3768 individuo
655 3691 857 3795 bipartitus
885 3717 952 3766 sen
979 3719 1001 3768 e
1030 3712 1083 3788 rag

109 3813 253 3889 duabus
267 3812 467 3898 conflatus,
498 3815 597 3912 stylo
612 3813 784 3889 breviore
800 3811 968 3899 incluso;
995 3809 1081 3885 haec

109 3931 279 4009 moribus
295 3930 426 4007 habeo.
456 3975 508 3988 —
535 3931 819 4008 lndividuorunr
834 3931 1041 4006 abdominis
1057 3950 1083 4026 a]

107 4051 287 4129 crassiore
310 4050 533 4154 quibusdam
555 4080 575 4127 e
598 4052 778 4154 segmenti
802 4052 895 4127 sexli
917 4049 1083 4128 orificiot
