2744 5084
432 634 533 685 rau.
563 618 613 698 11,
642 632 758 689 sacr.
786 639 810 686 1.
1082 626 1156 701 441

114 815 190 878 rata
206 798 364 900 majore.
406 798 529 876 Pedes
540 799 701 902 graciles
717 800 821 901 longi
840 802 929 891 ruli,
957 806 1062 882 coxis
1076 800 1159 887 tro‘·

114 919 330 996 banteribus
351 943 422 994 uec
445 942 522 993 non
535 918 713 994 tibiarum
728 921 961 1022 posticarum
975 926 1084 1027 apice
1097 929 1157 1005 ni-

114 1043 179 1130 ris,
222 1039 528 1116 trocbanteribua
568 1039 704 1114 anticis
740 1039 852 1115 maris
888 1041 1019 1119 subtus
1053 1047 1155 1125 linea

114 1188 198 1248 ava3
234 1159 345 1234 tarsis
372 1156 532 1260 posticis
565 1158 727 1233 articulo
755 1158 879 1260 primo
907 1161 1030 1239 diluta
1056 1167 1153 1258 rulo,

113 1280 194 1383 pice
214 1278 421 1382 pallidiore
441 1276 504 1353 vel
520 1278 766 1365 albidoflavo‚
795 1287 838 1367 2,
861 1288 886 1357 8
906 1294 947 1355 et
967 1287 994 1359 4
1013 1282 1155 1360 diluta·

113 1403 175 1477 nis
196 1416 265 1475 aut
287 1397 553 1502 pallideflavis,
582 1399 607 1475 5
628 1396 846 1498 ferrugineo
873 1412 938 1473 aut
957 1399 1083 1491 fusco,
1112 1420 1155 1480 ut

113 1520 295 1596 lurimum
316 1517 410 1592 mari
427 1515 695 1619 pallidioribus
711 1541 824 1618 quam
839 1516 1019 1609 laminae,
1047 1538 1154 1599 ante-

113 1641 250 1716 oribus
278 1664 432 1741 quoque
449 1636 684 1714 flavoalbidis
706 1635 870 1711 articulo
890 1638 915 1713 5
935 1635 1153 1741 ferrugineo

113 1774 152 1835 at
162 1758 293 1846 lusco,
320 1757 426 1833 tibiis
441 1757 575 1833 enticis
591 1772 657 1832 aut
670 1754 923 1832 anterioribus
936 1758 1049 1833 maris
1064 1760 1154 1834 sub·

113 1902 147 1954 rs
167 1878 439 1981 pallideflavis,
466 1877 629 1954 feminae
647 1874 783 1952 mediis
807 1876 941 1951 subtus
963 1877 1154 1953 flavorulis

112 1998 193 2076 sice
222 2023 371 2073 summo
392 1998 507 2085 flavo,
541 1997 747 2073 femoribus
776 1995 937 2097 posticis
964 1996 1155 2073 interdum

112 2118 194 2195 sice
214 2115 437 2218 nigricante.
492 2113 695 2194 Abdomen
714 2122 835 2192 moris
854 2114 1012 2192 thorace
1033 2117 1153 2219 duplo

112 2238 237 2341 agius
257 2235 494 2337 dimidioque
511 2237 722 2340 angustius,
750 2237 899 2341 apicem
917 2262 1048 2314 versus
1064 2237 1155 2312 sub-

112 2374 360 2461 mpressum3
388 2370 582 2455 segmento
604 2366 619 2435 1
645 2357 861 2435 laevissima
886 2357 1004 2460 longo
1032 2357 1152 2433 subli-

112 2479 205 2567 hn',
230 2491 341 2579 parte
355 2476 478 2549 antica
492 2478 677 2581 perpaulo
691 2477 828 2554 latiore
842 2504 956 2582 quam
972 2476 1150 2580 petiolus,

112 2594 290 2673 titudine
304 2596 423 2697 triplo
438 2596 627 2698 longiore,
656 2598 847 2674 interdum
868 2597 1016 2672 macula
1031 2613 1153 2673 casta·

111 2724 160 2789 h
181 2733 269 2792 ante
287 2717 454 2818 apicem,
480 2718 690 2793 tuberculis
711 2717 933 2792 lateralibus
953 2719 1153 2820 paululum

111 2842 177 2913 h
197 2834 368 2915 medinm
395 2837 496 2925 sitis;
523 2846 548 2914 2
570 2837 759 2912 interdum
780 2836 896 2911 fascia
918 2853 985 2912 ant
1005 2838 1153 2913 macula

111 2952 224 3049 Ha,
241 2954 321 3031 ¹aut
334 2957 481 3030 macula
497 2956 665 3046 laterali,
694 2971 884 3044 castanea,
900 2956 1154 3063 seminoeca·

111 3052 421 3181 htboraceque
436 3076 588 3176 longius
603 3090 642 3150 et
655 3074 772 3177 paulo
792 3078 1005 3178 angustius,
1034 3078 1154 3154 inter·

111 3184 268 3274 hiere
281 3195 447 3270 thoracis
460 3193 675 3284 latitudine,
702 3192 1042 3296 oblongoovatum3
1069 3223 1154 3300 aeg·
1287 3250 1293 3259 -

111 3314 212 3393 *tto
236 3315 366 3419 primo
393 3314 574 3389 distincte
600 3329 665 3388 aut
692 3311 866 3389 obsolete
888 3315 1153 3407 canaliculato,

111 3434 200 3514 hio
220 3435 363 3512 latiore
386 3460 498 3535 quam
518 3434 630 3520 mari;
661 3442 736 3512 let
750 3443 775 3511 2
789 3432 891 3506 haud
908 3460 994 3508 raro
1010 3434 1157 3509 macula

110 3550 207 3633 *tia
234 3569 422 3631 castanea.
476 3556 648 3632 Aculeus
672 3551 914 3655 longitudine
942 3554 1156 3655 segmentoss

110 3676 322 3763 *aa—7,
351 3673 472 3774 niger,
501 3674 649 3748 terebra
663 3680 850 3749 cntanea.

116 3830 122 3841 ·
155 3800 269 3874 Duas
297 3793 457 3869 feminas
483 3793 568 3894 cepi
596 3817 725 3867 mense
752 3791 855 3867 Iulio
883 3817 1004 3895 prope
1023 3794 1154 3872 Helm-

110 3908 323 3999 *dromon
336 3912 535 4000 fruticeto,
561 3937 690 3987 mense
704 3915 874 4012 Augusto
888 3936 1008 4013 prope
1024 3912 1155 3992 Oudo-

110 4030 179 4116 ’πε
201 4038 248 4112 in
268 4031 501 4109 umbellatis.
554 4032 685 4106 Plures
712 4054 833 4106 mares
862 4043 902 4104 et
922 4029 1085 4107 feminae
1107 4056 1155 4107 ax

109 4126 273 4244 Maria,
302 4156 468 4252 Reginae
488 4151 799 4238 Pedemontona,
824 4150 896 4224 ne'c
917 4174 994 4225 non
1013 4176 1036 4223 e
1056 4152 1156 4226 Fen·

109 4250 156 4364 ἦ.
183 4289 390 4382 praeterea
404 4270 569 4348 feminae
582 4271 681 4347 circa
697 4264 1157 4359 Florentiamenuam
1238 4350 1242 4361 Ι

109 4378 617 4486 *montempessulanum
642 4416 763 4471 mares
790 4389 892 4467 circa
919 4387 1157 4471 Berolinam,
