2564 5078
117 259 192 335 508
557 278 752 333 ‹rnrpws

116 443 182 525 vel
208 442 479 548 subquadrata,
513 442 705 521 rarissime
736 457 822 520 toto
855 445 944 520 rufo
978 461 1044 521 ant
1077 444 1155 547 nigro

118 564 226 669 apiae
247 563 352 654 rufo,
380 564 607 666 plerumque
627 560 715 640 rufo
733 563 815 639 basi
838 563 957 676 nigre.

195 685 324 759 Plures
340 684 417 786 legi
432 684 532 758 cirea
550 678 830 774 Warmbrunn,
853 710 984 763 mense
1004 688 1159 786 Augusto.

118 806 160 880 iu
178 804 396 883 umbellatis
416 818 458 879 et
479 800 664 887 salicetis3
691 804 886 904 quosdam,
910 805 1013 887 eirea
1026 800 1164 882 Hirsch-

116 923 209 1026 berg
240 924 389 1026 Niesky
408 938 448 999 et
469 920 766 1022 Norimbergum
785 939 942 1027 eaptus,
963 924 1103 1027 arnapi.

532 1142 771 1220 Varietaa:

190 1270 417 1360 Femoribus
439 1286 601 1384 posticis
614 1281 710 1385 fere
737 1287 832 1359 totis
862 1286 1000 1381 nigris.
1067 1279 1166 1373 Culq

115 1404 222 1505 niger
249 1399 511 1504 geniculorum
535 1399 770 1500 porticorum
796 1401 985 1501 gradatim
1011 1417 1166 1507 augetq

114 1524 168 1600 ita
204 1538 246 1600 ut
282 1520 434 1601 taudem
467 1518 611 1596 femora
643 1517 725 1601 fere
759 1535 841 1596 tota
875 1520 983 1623 nigra
1014 1510 1166 1857 exseq

112 1643 194 1720 basi
217 1643 297 1719 sola
318 1640 413 1719 ruia.
442 1683 496 1699 -
522 1641 680 1717 Caetera
702 1639 909 1718 individuis
929 1641 1104 1744 genuinis

113 1763 403 1985 spogsseeliimina
437 1878 620 1983 quaedam
655 1876 755 1957 cirea
783 1878 1048 1959 Warmbrunu
1074 1906 1115 1957 oa

113 2017 213 2079 aunt.

314 2239 450 2313 Notat

189 2376 397 2474 Quaeritur
424 2399 472 2450 an
497 2372 592 2450 haee
621 2372 767 2477 speeies
795 2372 926 2451 forsan
944 2379 1106 2459 varietas

112 2501 178 2575 Cr.
200 2503 395 2586 tinctorii,
423 2524 459 2569 n.
484 2502 551 2585 60,
580 2495 646 2597 qui
677 2494 830 2598 quidem
858 2496 1090 2603 plerumque

110 2619 235 2694 tennis
269 2618 386 2722 paulo
417 2616 654 2719 longioribus
695 2631 734 2692 et
768 2617 1014 2697 tenuioribus
1042 2623 1080 2696 di

110 2860 248 2938 sensim
269 2859 310 2935 in
332 2856 532 2938 volubilem
551 2856 711 2933 transire
732 2856 893 2933 videtur.

355 3254 410 3324 69.
452 3245 868 3316 c.ALnU1mTOR1Us.
912 3272 949 3316 n.

310 3417 497 3506 Segmantis
525 3430 546 3492 2
573 3429 607 3485 et
632 3428 654 3492 3
681 3415 778 3498 rnfis;
808 3417 995 3487 femoribus
1025 3419 1158 3502 tibiisqre

309 3518 405 3599 rufis,
433 3520 571 3608 posticis
595 3520 687 3609 apice
710 3520 825 3608 nigr03
860 3522 983 3589 orbitis
1008 3519 1166 3591 oculoru!-

310 3620 467 3704 internis,
491 3646 553 3688 nec
577 3645 647 3689 nou
668 3621 793 3689 annulo
813 3633 1036 3692 antemnarum
1056 3636 1087 3693 et
1105 3632 1166 3689 tw*

309 3742 425 3791 sorum
446 3723 661 3813 postiemum,
684 3721 780 3791 olbis.
823 3748 869 3788 rn.

184 3927 353 4004 Statura
382 3945 419 4004 et
450 3931 647 4032 proportio
671 3929 833 4029 partium
857 3931 1001 4029 speciei
1026 3944 1157 4008 ausura

107 4048 228 4126 dentis
251 4062 290 4126 et
311 4049 565 4138 macedonum
601 4048 666 4125 sed
688 4051 861 4126 antennis
885 4051 1134 4130 crassioribus.
