2564 5078
201 273 279 351 866
636 282 837 335 caranus

198 458 283 548 bus,
302 453 383 531 basi
398 476 540 529 summa
556 473 709 549 semper
721 445 910 526 exalbida.
952 451 1160 531 Abdoman
1173 453 1248 557 capi-
1274 514 1276 527 .

201 578 253 654 tis
264 574 507 675 thoracisque
526 567 770 672 longitudine
790 583 831 645 et
850 569 1083 665 latitudine,
1110 590 1251 657 oratum,

202 709 395 798 segmento
420 703 439 770 1
461 692 610 795 apibem
621 712 752 765 versus
774 690 916 765 sensim
937 690 1126 785 dilatato,
1152 694 1253 770 latita·

202 815 291 891 dine
319 814 442 916 duplo
468 812 662 913 longiore,
697 834 846 885 summo
878 814 1059 913 margine
1093 815 1253 892 insenum

202 948 399 1021 castaneo,
424 930 524 1010 asel
538 932 663 1032 nigr0,
690 929 773 1005 basi
788 930 1034 1009 etlaoeribus
1056 932 1191 1024 fuscis,
1213 948 1255 1008 ad

203 1053 375 1155 margine
394 1051 655 1153 lateribusque
673 1051 784 1143 rufis,
810 1049 874 1125 rel
895 1048 989 1125 rufo
1007 1066 1079 1128 aut
1098 1070 1254 1137 castanea

202 1173 353 1249 macula
386 1186 453 1247 aut
479 1170 595 1246 fascia
622 1170 800 1260 centrali,
835 1169 957 1244 rarius
986 1171 1074 1250 sere
1100 1166 1276 1273 obsoleta}

203 1293 328 1393 nigrim
355 1289 607 1397 §interdum
634 1289 756 1367 rarius
771 1290 885 1366 etiam
899 1295 942 1380 4,
972 1294 1152 1395 margine
1165 1307 1253 1367 casta

203 1436 289 1487 neo:
337 1412 511 1489 Aculeus
522 1408 683 1486 dimidio
697 1409 897 1486 abdomine
909 1410 977 1487 vel
993 1414 1119 1516 paulo
1134 1414 1253 1515 longior

203 1531 266 1608 vel
282 1531 401 1633 paulu
413 1531 584 1621 brevior,
610 1530 739 1606 fuscus
755 1543 821 1605 aut
834 1529 953 1632 niger.

279 1651 481 1728 individua
503 1650 687 1727 nonnulla
702 1651 850 1754 accepi,
877 1651 984 1727 circa
1001 1654 1247 1739 Wurmdruu,

204 1770 465 1875 Hirschberg,
490 1770 809 1861 Sicirersduusen,
835 1775 1075 1878 Trnjcctum
1097 1776 1152 1854 ud
1168 1778 1244 1853 Mos

202 1917 314 1984 num,
351 1893 642 1983 Vindobonum,
675 1916 746 1969 nec
779 1914 856 1968 non
889 1894 931 1969 in
961 1898 1136 1999 Regione
1159 1892 1244 1973 rec

203 2026 387 2091 montano
408 2028 449 2091 et
464 2013 505 2089 in
520 2016 689 2104 Fannia,
715 2026 849 2116 capta.-

533 2324 751 2403 Varietas
778 2320 943 2399 maria?

284 2498 317 2570 1.
344 2494 516 2570 Alnrum
519 2494 668 2595 fasciis
681 2492 868 2571 obsoletis.
897 2518 947 2568 m.
976 2534 1034 2555 -
1052 2486 1231 2596 longitudo

204 2608 406 2717 1734ss
434 2613 632 2689 linearum.
689 2619 818 2717 Caput
847 2615 1017 2716 nigrum,
1046 2608 1229 2692 mandibulis
1264 2630 1270 2643 ··

201 2732 310 2819 ruiis,
337 2733 463 2833 pulpis
485 2734 853 2835 pallidestramineis.
907 2732 1229 2815 Antennaefiliior
1262 2726 1267 2791 ἕ

195 2875 276 2924 mes
308 2868 524 2951 porrectae,
553 2878 713 2957 corpore
741 2855 858 2958 paulo
885 2854 1105 2948 breviores,
1131 2856 1227 2931 fusas
1261 2870 1272 2923 ὲ

197 2968 332 3046 subtus
353 2970 592 3074 ferrugineas
611 2976 772 3052 articulo
797 2987 816 3054 1
839 2974 937 3051 ruso.
997 2969 1226 3076 Thomna}-
1267 3000 1273 3043 ’-

196 3089 312 3166 bulus
339 3093 577 3183 rubricosum
603 3094 862 3172 metathorace
883 3096 1013 3196 nigro,
1043 3101 1225 3202 plerumque

192 3210 341 3284 macula
360 3212 509 3289 laterali
529 3231 714 3291 castanea.
768 3217 986 3293 Scutellum
1015 3219 1222 3294 rubricoso
1262 3234 1276 3285 'a

192 3332 298 3406 Aloe
328 3333 557 3424 mediocres,
592 3335 785 3437 hyalinae,
827 3335 1001 3438 vestigiis
1036 3339 1222 3414 maculam·
1262 3360 1276 3407 r

190 3449 349 3527 duarum
379 3454 693 3547 subfumatarum,
720 3455 832 3532 unius
853 3454 924 3531 sub
945 3456 1141 3560 stigmate,
1165 3454 1222 3529 alr
1255 3462 1272 3521 's

189 3567 269 3642 rius
298 3568 337 3645 in
361 3574 487 3648 medio
516 3573 618 3663 alae3
654 3575 829 3678 stigmate
856 3591 895 3651 et
918 3576 1031 3652 radio
1058 3578 1168 3655 fuscis
1187 3578 1223 3645 ³¹¹
1262 3594 1276 3651 a

189 3686 327 3788 piceis,
356 3692 481 3769 radice
499 3710 538 3771 et
563 3696 760 3799 squamula
782 3694 940 3785 albidis3
972 3700 1125 3776 areolae
1145 3706 1224 3771 ner*⁰

188 3808 374 3885 exteriore
388 3814 543 3889 ommno
557 3815 738 3893 extincto,
781 3816 904 3894 Pedes
921 3819 1151 3920 subgraciles
1162 3808 1222 3888 mi:

187 3927 292 4004 tibiis
306 3930 464 4033 posticis
488 3937 596 4038 apice
618 3936 985 4038 subnigrioantibus,
1014 3939 1094 4015 basi
1116 3952 1221 4013 sumu³

186 4051 370 4130 exalbida.
400 4053 602 4136 Abdomcn
620 4057 859 4161 longitudine
872 4057 1055 4151 thoracis,
1072 4086 1116 4138 eo
1130 4069 1219 4133 aulen
