2564 5078
109 248 185 325 568
539 260 800 321 curarum.
857 310 861 317 .

107 429 328 537 respondet,
355 430 489 507 aculeo
518 429 691 531 longiore
716 442 843 507 autem
864 425 993 535 magis·
1003 424 1045 529 sd
1063 416 1125 500 titii·

110 557 273 633 latorem
302 552 471 658 quadrat,

185 802 222 873 2.
253 790 393 868 Omnes
422 806 594 869 auctores
621 791 668 865 ad
693 788 791 865 hanc
820 789 988 893 speciem
1016 781 1134 865 laudati

109 910 208 988 nihil
242 911 395 1014 quidem
421 911 555 989 dicunt
582 911 631 986 de
661 909 810 1012 pictura
839 910 948 1010 nigra
987 906 1138 985 femorum

108 1032 337 1119 anticorum,
383 1031 543 1107 caeteris
579 1044 708 1106 autem
737 1054 872 1107 eorum
898 1025 1140 1129 descriptiones

108 1150 233 1230 editae
253 1150 400 1252 Crypto
427 1166 557 1225 nostro
584 1149 706 1249 (inter
728 1149 838 1250 cujus
857 1148 1052 1225 individua
1075 1165 1144 1217 ruas·

108 1270 195 1351 cula
216 1268 418 1351 varietates
440 1295 592 1373 quoque
612 1268 858 1347 inveniuntur
878 1265 1085 1345 femoribus
1102 1287 1148 1335 au·

108 1390 195 1468 ticis
216 1388 297 1465 sere
315 1389 406 1467 totis
421 1390 552 1489 rufis),
579 1389 679 1467 bene
691 1390 943 1492 respondent.
998 1386 1150 1467 Linneu

108 1510 149 1586 in
183 1512 312 1590 Fauna
338 1509 503 1599 suecica,
538 1507 634 1584 dicit
663 1509 834 1611 quidem:
869 1511 1025 1612 Corpus
1050 1506 1151 1605 capue

110 1629 271 1709 thorace
289 1628 451 1732 pedibus
478 1636 727 1734 antennisque
751 1635 874 1729 nigris
900 1627 1153 1709 immaculatis,

108 1749 214 1833 addit
235 1763 361 1830 autem
383 1747 499 1849 paulo
524 1763 630 1852 post:
666 1747 783 1853 pedes
809 1755 1026 1826 anteriores
1040 1747 1153 1850 serru-

106 1877 231 1972 ginei,
259 1867 374 1972 pedes
393 1877 627 1972 posteriores
647 1876 751 1970 nigri
768 1870 917 1973 plantis
936 1866 1050 1946 albis.

186 1988 421 2069 ichneumon
458 1988 649 2066 Geoffroii
678 1993 717 2067 ΙΙ
747 2014 785 2091 p.
813 1990 907 2077 850,
942 2016 980 2063 n.
1017 1989 1087 2076 65,
1120 1978 1153 2055 tl

108 2125 262 2189 auctore
281 2108 366 2209 ipso
391 2123 432 2184 et
453 2135 474 2182 a
492 2109 669 2213 plurimis
696 2107 856 2210 reliquis
884 2106 1099 2182 auctoribus
1121 2098 1154 2175 sd

111 2231 360 2308 titillatorem
381 2227 589 2318 adhibitus,
617 2227 748 2304 differt
767 2226 928 2330 picturis
949 2226 1047 2301 albis
1065 2218 1153 2299 faciei

109 2362 149 2424 et
170 2347 260 2425 oris.
288 2389 340 2406 -
373 2347 497 2425 Etiam
532 2347 640 2429 Iclm.
669 2351 858 2426 titillator
885 2345 1040 2424 Thuub.
1070 2343 1152 2424 chu

109 2495 145 2543 n.
170 2473 247 2545 316
267 2463 393 2543 fronte
413 2467 653 2543 flavolineata
676 2493 697 2541 a
722 2480 852 2541 nostro
870 2465 1047 2543 discedit.

187 2584 392 2661 Schaefferi
414 2587 516 2661 Icon.
537 2587 613 2661 tab.
638 2587 737 2687 ufig.
763 2593 829 2673 11,
856 2602 897 2661 et
917 2586 995 2660 tab.
1021 2594 1091 2665 107
1107 2583 1149 2681 fig.

111 2715 152 2795 4,
181 2730 272 2808 quas
294 2706 436 2782 Panzer
465 2704 511 2778 ad
545 2710 792 2785 titillatorem
811 2704 945 2795 refert,
995 2706 1150 2782 differunt

110 2823 370 2925 magnitudine
399 2839 438 2898 et
467 2823 667 2901 abdomine
696 2840 798 2914 toto,
834 2842 1032 2926 segmento
1054 2827 1150 2928 prim

110 2946 219 3046 nigro
236 2960 408 3045 exceptu,
423 2943 521 3018 rufo.
577 2943 745 3019 Tabulae
760 2953 783 3022 6
797 2946 859 3046 fig.
880 2953 925 3024 11
937 2947 969 3019 F
972 2948 1095 3047 uesaly
1107 2939 1149 3016 ad·

108 3064 234 3139 hibuit
256 3063 302 3135 ad
323 3065 431 3140 Iclrn.
454 3065 717 3152 narratorem,
745 3063 890 3165 dequo
914 3067 1086 3144 conseras
1103 3084 1148 3136 nu-

111 3199 228 3259 strum
249 3181 493 3282 Tryphonem
517 3183 768 3257 rutilatorem.
823 3184 994 3262 Tabulae
1020 3197 1089 3265 107
1104 3183 1144 3277 fig·

109 3308 280 3380 lautam
305 3301 471 3376 Schrank
493 3301 538 3377 ad
557 3303 665 3378 Ichn.
693 3301 888 3394 Fabricii,
920 3334 957 3380 n.
989 3313 1080 3391 aul,
1107 3322 1144 3372 rt

110 3422 218 3509 tulit,
248 3423 313 3525 qui
335 3438 459 3500 tamen
479 3421 608 3500 colore
632 3422 772 3526 pedum
792 3438 832 3502 et
857 3424 1067 3502 abdominis
1081 3416 1142 3501 satis

110 3540 249 3617 differt.
