2744 5084
132 39 1006 358 u

532 146 536 159 Ι

927 384 933 397 Ι

315 512 322 519 ι

339 683 537 735 nnrrrus
564 683 667 759 ram.-
695 665 770 737 ΧΠ.
798 682 1075 763 rnncrrscus.
1166 666 1242 739 979

254 1327 407 1428 Corpus
421 1348 578 1427 parvum
594 1322 765 1401 nitidum.
781 1363 834 1381 -
848 1326 976 1426 Caput
995 1323 1109 1399 breve
1122 1338 1243 1400 trans-

143 1446 151 1523 l
177 1471 341 1523 versum.
368 1487 422 1502 -
447 1446 563 1522 Oculi
578 1443 702 1544 magni
726 1443 1001 1546 prominentes,
1029 1443 1157 1519 orales
1179 1459 1244 1519 aut

175 1564 409 1667 subglobosi.
438 1604 491 1622 -
516 1563 720 1641 Arretinae
746 1562 923 1664 graciles,
955 1576 1153 1664 porrectae
1179 1575 1244 1641 aut

176 1698 371 1774 curvatae,
407 1706 519 1784 saepe
551 1681 722 1784 corporis
757 1682 1006 1785 longitudine.
1074 1683 1245 1763 Thorax

177 1805 314 1908 gibbus
329 1818 394 1882 aut
406 1803 596 1905 gibbulus.
613 1844 667 1859 -
679 1802 894 1883 scutellam
909 1802 1140 1904 triangulare
1153 1826 1245 1876 con·

177 1951 327 2002 verum.
355 1966 408 1980 -
432 1926 536 2001 Aloe
549 1925 697 2027 amplae
717 1939 884 2009 tenerem
911 1923 1037 1999 areola
1058 1923 1119 2004 vel
1138 1922 1243 1998 nulla

176 2043 240 2120 vel
254 2041 621 2143 obliquetransversa
638 2041 945 2144 quadrangulari,
975 2041 1163 2119 interdum
1178 2066 1246 2144 pe·

140 2172 145 2253 5
177 2163 311 2239 tiolata
325 2177 391 2237 aut
405 2162 595 2250 obsoleta,
621 2161 786 2240 cellulae
801 2162 992 2242 interioris
1014 2186 1130 2245 nervo
1145 2160 1243 2237 infe·
1328 2228 1343 2245 .,

177 2285 280 2361 riore
294 2282 483 2362 exteriore
496 2282 690 2386 plerisque
704 2297 809 2359 recto
829 2296 896 2359 aut
916 2283 1158 2371 subarcuato,
1185 2307 1244 2358 ra·

140 2446 147 2482 ,
178 2405 258 2481 rius
282 2426 373 2480 vero
393 2403 583 2506 angulata.
611 2445 665 2460 -
691 2403 814 2482 Pedes
830 2404 1003 2508 graciles.
1032 2446 1085 2467 --
1110 2400 1244 2486 Abda

137 2550 146 2601 r
179 2552 264 2602 men
277 2522 395 2612 laeve,
412 2523 585 2612 nitidum,
601 2523 828 2623 petiolatum
842 2540 908 2601 aut
921 2523 1134 2612 subsessile‚
1154 2545 1245 2600 ova·

178 2661 279 2733 tum,
306 2656 373 2719 aut
396 2630 613 2730 lusilorme,
647 2654 713 2717 ant
742 2642 973 2732 sublinear03
1007 2643 1065 2719 his
1090 2641 1244 2745 (lepres-

178 2763 408 2851 siusculum3
442 2762 521 2837 illis
556 2761 704 2864 apicem
738 2787 867 2841 versus
894 2786 1151 2864 compressum
1179 2773 1245 2835 aut

141 2936 143 2941 -
178 2881 632 2985 subeompressiusculum
649 2881 839 2985 simulque
853 2880 906 2978 (v.
924 2907 957 2956 c.
975 2881 1035 2963 Pl.
1052 2882 1193 2958 collari
1206 2894 1245 2955 et

132 3066 141 3093 ,
178 3003 360 3104 conato),
390 3027 412 3077 a
436 3001 557 3079 latere
581 3000 721 3091 visum,
756 3001 818 3077 vel
848 3000 1246 3102 elongato-clavatum

132 3177 140 3211 ,
179 3124 243 3201 vel
274 3118 692 3210 ovato-orbiculatum
725 3120 811 3197 aliis
839 3119 996 3197 thorace
1029 3118 1180 3221 longius
1205 3132 1246 3195 et

177 3243 386 3347 angustius,
408 3239 493 3316 aliis
509 3239 592 3342 ejus
608 3241 846 3343 longitudine
859 3255 898 3317 et
912 3239 1126 3316 latitudine.
1156 3239 1246 3340 Seg-

177 3379 349 3443 mcntum
361 3361 525 3464 primum
539 3360 733 3464 plerisque
752 3360 860 3438 basin
880 3386 1010 3441 versus
1028 3359 1166 3437 sensim
1181 3384 1246 3432 an·

178 3500 388 3586 gustatum,
415 3480 565 3585 paucis,
593 3507 626 3563 e.
643 3507 677 3584 g.
695 3484 838 3563 collari
851 3496 891 3557 et
905 3495 1064 3569 conato,
1088 3477 1243 3566 lineare,

180 3604 240 3679 vel
257 3604 548 3705 petioloparum
571 3601 803 3702 angustiore,
830 3599 889 3675 his
910 3601 1025 3675 ctiam
1046 3596 1246 3679 tubercula

177 3724 350 3799 lateralia
383 3721 424 3799 iu
456 3720 583 3798 medio
613 3721 796 3823 segmenti
823 3719 1057 3823 prominent,
1090 3742 1176 3791 cum
1205 3715 1245 3792 in

176 3842 337 3943 reliquis
370 3838 617 3942 cospeciehus
649 3838 730 3914 basi
765 3838 922 3942 propius
955 3838 1026 3914 sita
1058 3849 1159 3916 sunt.
1193 3877 1246 3891 -

178 3963 351 4039 Aculeus
376 3975 564 4049 exsertus,
595 3958 784 4036 interdum
813 3957 1054 4061 longitudine
1076 3952 1245 4035 abdomi-

178 4080 255 4168 nis,
284 4081 474 4157 Plectisco
487 4077 677 4182 pulliperli
690 4091 816 4152 autem
835 4075 1091 4155 brevissimus.

158 4231 161 4236 ·
257 4200 319 4274 De
337 4197 587 4275 relationibus
608 4192 724 4296 hujus
744 4194 914 4275 familiae
934 4196 982 4271 ad
1004 4193 1246 4299 Tryphones,

177 4315 729 4405 HeraitelesetMesoclroros,
756 4341 868 4418 supra
882 4315 958 4417 jana
974 4314 1126 4388 locutus
1149 4339 1242 4394 sum.

144 4426 148 4433 ⁵
176 4478 232 4497 ·-
257 4439 409 4543 Species
439 4436 546 4541 apice
575 4436 785 4515 abdominis
811 4437 1116 4539 subcompresso,
1151 4458 1184 4509 r.
1211 4456 1243 4509 c.

818 4555 896 4639 pgr
