2564 5078
124 279 199 351 626
435 287 443 300 '
561 292 756 344 enarras

122 476 185 536 aut
206 458 343 547 badiis,
375 467 396 536 3
419 455 606 532 interdum
631 458 743 533 dorso
765 457 997 561 nigricante3
1030 460 1165 563 reliquis

122 579 249 680 nigris.
304 580 475 654 Aculeus
499 576 622 678 niger,
647 576 798 653 trientis
819 594 886 654 aut
905 580 1055 657 dimidii
1075 581 1168 661 abdo-

120 698 232 773 minis
261 697 514 802 longitudine.

197 816 377 892 Feminae
399 815 606 892 nonnullae
622 842 668 893 ex
689 818 857 895 Ausara
875 815 1012 896 Genua
1034 836 1073 896 et
1087 824 1168 896 Tuu-

121 944 183 1016 riu
215 935 308 1012 mihi
337 934 576 1011 transmissae
614 951 718 1026 sunm
757 940 1009 1016 lusitanicam
1046 940 1118 1016 ridi
1142 939 1169 1010 iu

119 1082 251 1155 museo
271 1060 435 1133 Comitis
455 1055 504 1134 de
519 1052 850 1157 Hoffmannsegg‚·
874 1056 1118 1164 hercynicam
1140 1056 1167 1129 in

120 1201 250 1252 museo
275 1177 603 1254 Minciawitaiano.

451 1439 459 1449 '
509 1434 789 1535 synonyma:

121 1608 302 1710 cryptas
325 1606 554 1679 minutorius
583 1602 691 1679 Fabr.
721 1605 820 1680 Piez.
849 1630 887 1707 p.
907 1613 976 1709 72,
999 1633 1034 1682 n.
1053 1615 1094 1696 93
1116 1603 1164 1679 in·

319 1723 416 1797 bitat
444 1723 484 1797 in
514 1721 718 1799 Germania
744 1725 973 1802 australiori.

120 1848 294 1948 Cryptus
317 1849 551 1921 constrictor
572 1840 682 1918 Febr.
705 1845 803 1920 Piez.
830 1870 867 1946 p.
890 1851 959 1935 84,
987 1873 1022 1919 n.
1045 1847 1102 1922 64.

118 1964 224 2040 lehn.
260 1969 438 2063 agitator
481 1960 630 2039 Olivier
654 1989 693 2066 p.
728 1971 822 2052 179,
866 1992 902 2039 n.
934 1972 1004 2054 77;
1043 1961 1157 2039 habim

320 2079 420 2157 circa
442 2081 615 2176 Parisios.

169 2259 191 2290 ,,
245 2203 500 2279 Walckenaer
530 2230 568 2305 p.
591 2206 659 2290 57,
683 2230 720 2277 n.
742 2209 805 2282 48.

118 2322 222 2399 lclru.
247 2320 471 2401 rubricator
501 2324 644 2397 Panaer
662 2320 791 2396 Fauna
814 2322 920 2397 Fasc.
952 2329 1018 2416 84,
1051 2338 1076 2398 t.
1106 2319 1150 2397 1⁴3
1188 2336 1197 2429 J

318 2443 464 2518 habitat
494 2444 533 2518 in
564 2441 722 2518 floribus
751 2440 850 2517 inter
880 2442 1053 2544 aphides,
1083 2448 1149 2516 resa

320 2566 484 2639 lnrineo.
514 2606 564 2619 -—
597 2563 720 2639 Beris.
752 2589 788 2663 p,
819 2571 880 2638 71.

318 2856 320 2861 ,
372 2806 504 2878 Nota:

195 2975 433 3076 Quamquam
465 2975 680 3066 Fabricius,
712 3000 781 3051 uec
808 2975 849 3048 in
877 2983 1082 3054 minutorio
1103 2986 1148 3046 1¹⁰⁶

111 3092 154 3169 in
177 3102 448 3185 constristare,
480 3096 689 3172 orbitarum
703 3095 931 3199 pallidorum
954 3099 1148 3175 mentione!
1185 3096 1194 3185 i

110 3212 219 3305 fecit,
244 3232 407 3292 attamen
429 3216 528 3290 haud
549 3214 683 3290 dubito
707 3216 799 3318 quin
816 3217 927 3293 ambo
948 3220 995 3294 ad
1018 3230 1146 3296 nostri!

26 3434 30 3441 .
110 3336 275 3435 speciem
307 3336 508 3411 adhibendi
538 3336 632 3426 sint,
661 3363 747 3411 cum
779 3339 937 3428 ponaer,
969 3341 1036 3441 qui
1061 3342 1148 3415 miur-

2 3446 5 3453 ’
35 3436 47 3458 ”
109 3461 251 3529 forium
289 3455 369 3556 ipsc
401 3455 576 3531 Fabricio
610 3457 818 3532 transmisit
852 3460 907 3556 (r.
939 3459 1049 3536 Febr.
1074 3455 1144 3532 riu.

108 3597 144 3672 p.
170 3577 260 3671 72),
292 3573 392 3648 hunc
416 3601 500 3648 cum
532 3575 794 3667 rubricatore,
829 3577 869 3652 in
896 3578 1022 3654 nevis.
1048 3604 1081 3680 p.
1103 3574 1144 3651 ils
1194 3564 1197 3641 ἕ

107 3690 359 3791 conjunxerit.
395 3739 443 3751 -
486 3697 593 3772 Ichn.
629 3695 853 3774 rubricator
876 3697 1029 3774 Thuub.
1057 3690 1142 3769 renni

107 3837 142 3884 n.
168 3818 232 3899 87,
257 3810 413 3889 thorace
445 3816 686 3917 scutelloque
710 3815 825 3917 nigris
848 3831 921 3893 etc.
951 3817 1084 3894 dinen.

183 3933 226 4006 In
247 3958 378 4008 museo
395 3937 713 4014 Miuckwitziano
729 3936 934 4038 specimina
947 3925 1138 4014 ¹norerohi·

103 4048 163 4148 jus
188 4052 346 4154 speciei,
372 4082 389 4126 a
419 4054 563 4133 Duilio
585 4055 653 4131 sub
675 4054 892 4132 nominibus
923 4059 1082 4159 quinque
1098 4036 1134 4115 0¹⁹⁴
