2564 5078
185 264 264 338 ‘182
619 270 820 327 cursans

188 446 296 526 sexui
319 442 448 534 alteri,
476 468 509 520 e.
532 466 568 543 g.
598 438 649 519 H.
672 436 895 530 ridibundi3
919 441 1080 522 lerninis
1104 445 1239 522 crassius

116 550 121 559 ’
187 585 228 647 et
250 567 383 656 latius,
410 577 565 640 ovatum
592 577 658 638 aut
682 561 910 664 oblongum,
938 565 1004 641 vel
1033 567 1149 644 etiam
1174 567 1241 642 sub

186 688 414 792 pyrilorme,
441 682 608 760 thoracis
624 682 829 759 latitudine
844 685 908 760 vel
922 686 1045 789 paulo
1058 688 1241 790 angustius,

188 807 374 909 illiusque
408 803 648 910 longitudine
680 802 745 879 vel
777 804 895 906 paulo
929 806 1105 908 longius,
1144 809 1242 884 canus

188 927 298 1029 apice
327 926 673 1028 subcompressum,
703 950 736 999 e.
759 950 795 1027 g.
821 923 872 1002 H.
892 933 1053 1004 inimico
1078 944 1121 1005 et
1138 957 1243 1006 monu-
1272 1006 1274 1033 Ε

186 1048 312 1149 spilo;
337 1045 503 1121 maribus
518 1043 709 1146 gracilius,
731 1042 939 1146 oblongum
956 1061 1024 1122 aut
1037 1050 1242 1139 subliuearc,
1271 1044 1274 1053 ’

190 1166 348 1242 thorace
382 1164 610 1268 plerumque
644 1162 760 1266 paulo
794 1164 1006 1265 angustius.
1069 1171 1244 1270 Segmenti

185 1293 306 1393 primi
318 1311 403 1388 pars
417 1284 544 1359 antica
555 1285 617 1361 vel
633 1284 780 1386 petiolo
793 1285 909 1359 latior
922 1301 993 1376 est,
1016 1288 1166 1390 apicem
1179 1314 1242 1366 acr-

187 1432 252 1485 aus
274 1405 415 1482 sensim
434 1403 608 1494 dilatata,
635 1430 670 1479 v.
695 1430 727 1479 c.
750 1403 801 1480 H.
822 1411 1065 1494 tenuicorni3
1089 1424 1156 1485 aut
1174 1408 1240 1485 sub-

188 1528 385 1630 quadrata,
414 1538 457 1600 ut
470 1521 521 1600 H.
536 1525 794 1624 cingulctori,
819 1526 881 1600 vel
897 1527 962 1601 vix
979 1527 1134 1628 petiolo
1146 1529 1238 1632 paulu

186 1646 319 1747 latior,
347 1645 468 1721 rarius
492 1643 606 1720 lineis
634 1643 778 1719 duabus
797 1644 976 1735 elevatis;
1004 1649 1174 1748 petiolus
1194 1646 1240 1725 sal

188 1765 415 1843 sublinearis
430 1779 506 1856 est,
532 1764 640 1840 basin
653 1789 782 1839 versus
799 1765 1112 1869 subaugustatus,
1139 1768 1237 1872 lougi-

186 1887 321 1963 tudiue
341 1887 461 1991 partis
484 1886 632 1963 anticae
652 1897 718 1958 aut
738 1883 808 1959 hac
821 1884 991 1986 longior,
1021 1890 1086 1966 vel
1099 1891 1236 1966 crassior
1269 1896 1274 1933 ⁴

188 2023 229 2085 et
248 2007 419 2097 brevior,
447 2032 525 2109 quo
544 2004 661 2099 latior
680 2019 808 2081 autem
827 2033 913 2109 pars
937 2010 1084 2100 antica,
1113 2011 1233 2114 petiolo

50 2171 56 2181 ·
188 2127 296 2205 tenui
310 2143 349 2204 et
362 2126 553 2227 longiore,
582 2139 656 2216 est,
680 2152 728 2202 eo
745 2127 861 2227 magis
882 2145 1122 2229 segmentum
1137 2146 1232 2207 totum

188 2262 377 2322 curvatur.
396 2289 450 2303 —
471 2248 645 2325 Aculeus
658 2262 844 2335 exsertus;
871 2248 1018 2349 vaginis
1034 2252 1231 2354 plerumque

188 2366 337 2443 dimidii
353 2365 564 2444 abdominis
580 2366 839 2469 longitudine,
865 2367 927 2443 vel
943 2372 1064 2470 paulo
1078 2367 1230 2473 longiori·

188 2488 259 2563 bus
285 2488 348 2564 vel
372 2487 487 2588 paulo
514 2486 771 2577 brevioribus,
798 2487 988 2562 interdurn
1019 2490 1228 2592 longitudine

188 2608 416 2695 abdominis,
446 2634 478 2681 e.
497 2632 531 2706 g.
547 2607 597 2684 H.
609 2612 760 2712 fragili
773 2607 1105 2702 etfloricolotori.

267 2726 504 2800 Alfinitatum
519 2725 633 2829 hujus
648 2730 865 2829 subgeneris
878 2757 964 2804 cum
980 2733 1014 2807 S
1015 2739 1157 2835 tilpnis,
1167 2731 1225 2808 Ma

187 2849 360 2948 soleptis,
387 2845 675 2950 Tryphonibus,
703 2855 864 2953 Cryptis
885 2867 923 2925 et
937 2852 1224 2954 Plrygodeuonti·

188 2965 257 3043 bus
278 2993 391 3069 supra
414 2967 493 3068 jam
508 2970 740 3044 mentionem
759 2971 846 3046 leci.
875 3015 928 3027 —
954 2974 1109 3072 Species
1129 2967 1222 3046 Heni·

186 3088 323 3162 teliuna
337 3088 406 3163 alis
421 3088 648 3180 minoribus,
676 3091 814 3166 sensim
829 3091 869 3165 in
882 3094 1141 3169 Pezomucbos
1151 3106 1222 3163 trar

187 3224 316 3297 seunt3
344 3225 385 3287 et
406 3210 489 3286 Pez.
502 3209 749 3311 sulceolotus
769 3227 879 3285 antea
900 3240 970 3313 per
991 3216 1145 3315 longum
1156 3228 1220 3284 ten·
1252 3272 1255 3297 ἰ

185 3353 256 3428 pus
271 3356 358 3403 cum
370 3330 623 3406 Hemitelibus
637 3331 863 3430 conjunctus
880 3349 972 3408 erat.
995 3379 1050 3392 -
1075 3335 1122 3409 Η.
1139 3331 1219 3427 elit·

184 3474 369 3551 sopygus,
388 3465 466 3525 tam
482 3453 531 3525 ob
546 3450 718 3525 habitum
733 3451 929 3541 minorem,
954 3482 1069 3556 quarn
1086 3456 1133 3529 0b
1145 3472 1217 3524 arec

184 3568 244 3642 lae
266 3569 474 3658 delectum,
502 3570 678 3646 omnibus
699 3570 813 3670 hujus
834 3575 1006 3674 vestigiis
1031 3565 1215 3648 obliteratis

73 3778 77 3784 Ι
183 3688 320 3763 transit
348 3691 393 3763 ad
421 3691 641 3770 Plectiscos.
669 3734 721 3748 -
755 3693 898 3767 Contra
925 3719 1017 3768 vero
1045 3695 1217 3770 Plectacus

181 3811 366 3912 pallipes,
394 3811 521 3885 areola
546 3812 779 3913 inconaplete
800 3813 1153 3916 quinqueanguluri,
1175 3800 1215 3876 ad·

182 3931 415 4035 propinquat
449 3934 495 4005 ad
527 3933 753 4021 Hemiteles,
795 3933 860 4006 sed
896 3950 1091 4034 segmento
1127 3927 1214 4031 prinu

181 4052 319 4131 latiore
354 4053 630 4158 subpeuiolauo,
663 4054 798 4129 aculeo
832 4053 1075 4145 brevissimo,
1108 4045 1210 4126 differ.
