<?xml version="1.0" encoding="UTF-8"?>
<!DOCTYPE html PUBLIC "-//W3C//DTD XHTML 1.0 Transitional//EN"
    "http://www.w3.org/TR/xhtml1/DTD/xhtml1-transitional.dtd">
<html xmlns="http://www.w3.org/1999/xhtml" xml:lang="en" lang="en">
 <head>
  <title>
</title>
<meta http-equiv="Content-Type" content="text/html;charset=utf-8" />
  <meta name='ocr-system' content='tesseract 3.04.00' />
  <meta name='ocr-capabilities' content='ocr_page ocr_carea ocr_par ocr_line ocrx_word'/>
</head>
<body>
  <div class='ocr_page' id='page_1' title='image "./ichneumonologia00gravgoog_0329.png"; bbox 0 0 2564 5078; ppageno 0'>
   <div class='ocr_carea' id='block_1_1' title="bbox 112 272 766 353">
    <p class='ocr_par' dir='ltr' id='par_1_1' title="bbox 112 272 766 353">
     <span class='ocr_line' id='line_1_1' title="bbox 112 272 766 353; baseline 0.006 -6"><span class='ocrx_word' id='word_1_1' title='bbox 112 272 202 347; x_wconf 76' lang='grc' dir='ltr'><strong>Ι818</strong></span> <span class='ocrx_word' id='word_1_2' title='bbox 557 292 766 353; x_wconf 79' lang='lat' dir='ltr'><strong>rnrrnon</strong></span> 
     </span>
    </p>
   </div>
   <div class='ocr_carea' id='block_1_2' title="bbox 106 428 1128 4177">
    <p class='ocr_par' dir='ltr' id='par_1_2' title="bbox 114 428 1128 918">
     <span class='ocr_line' id='line_1_2' title="bbox 123 428 1128 689; baseline 0.012 -158"><span class='ocrx_word' id='word_1_3' title='bbox 123 455 517 561; x_wconf 85' lang='lat' dir='ltr'><strong>quinquepunctatum</strong></span> <span class='ocrx_word' id='word_1_4' title='bbox 537 484 628 538; x_wconf 83' lang='lat' dir='ltr'><strong>csse</strong></span> <span class='ocrx_word' id='word_1_5' title='bbox 655 461 829 557; x_wconf 82' lang='lat' dir='ltr'><strong>deberet,</strong></span> <span class='ocrx_word' id='word_1_6' title='bbox 855 464 1009 568; x_wconf 86' lang='lat' dir='ltr'><strong>punctis</strong></span> <span class='ocrx_word' id='word_1_7' title='bbox 1032 428 1128 689; x_wconf 57' lang='grc' dir='ltr'><strong>τις</strong></span> 
     </span>
     <span class='ocr_line' id='line_1_3' title="bbox 123 577 1035 671; baseline 0.013 -21"><span class='ocrx_word' id='word_1_8' title='bbox 123 577 230 663; x_wconf 85' lang='lat' dir='ltr'><strong>dine:</strong></span> <span class='ocrx_word' id='word_1_9' title='bbox 252 587 287 668; x_wconf 81' lang='lat'><strong>3,</strong></span> <span class='ocrx_word' id='word_1_10' title='bbox 302 586 328 655; x_wconf 76' lang='lat'>2</span> <span class='ocrx_word' id='word_1_11' title='bbox 343 579 561 671; x_wconf 73' lang='lat' dir='ltr'><strong>collocatis,</strong></span> <span class='ocrx_word' id='word_1_12' title='bbox 576 581 657 658; x_wconf 89' lang='lat' dir='ltr'><strong>sine</strong></span> <span class='ocrx_word' id='word_1_13' title='bbox 669 583 788 659; x_wconf 91' lang='lat' dir='ltr'><strong>dubio</strong></span> <span class='ocrx_word' id='word_1_14' title='bbox 800 600 928 661; x_wconf 88' lang='lat' dir='ltr'><strong>autem</strong></span> <span class='ocrx_word' id='word_1_15' title='bbox 940 584 1035 661; x_wconf 86' lang='lat' dir='ltr'><strong>haec</strong></span> 
     </span>
     <span class='ocr_line' id='line_1_4' title="bbox 114 697 1128 805; baseline 0.009 -32"><span class='ocrx_word' id='word_1_16' title='bbox 114 714 212 774; x_wconf 82' lang='lat' dir='ltr'><strong>¹sunt</strong></span> <span class='ocrx_word' id='word_1_17' title='bbox 225 698 439 773; x_wconf 88' lang='lat' dir='ltr'><strong>rudimenta</strong></span> <span class='ocrx_word' id='word_1_18' title='bbox 453 697 593 776; x_wconf 87' lang='lat' dir='ltr'><strong>fasciae</strong></span> <span class='ocrx_word' id='word_1_19' title='bbox 607 702 826 793; x_wconf 76' lang='lat' dir='ltr'><strong>dissolutae,</strong></span> <span class='ocrx_word' id='word_1_20' title='bbox 840 704 953 805; x_wconf 84' lang='lat' dir='ltr'><strong>cnjus</strong></span> <span class='ocrx_word' id='word_1_21' title='bbox 967 702 1128 785; x_wconf 71' lang='lat' dir='ltr'><strong>inderet-2</strong></span> 
     </span>
     <span class='ocr_line' id='line_1_5' title="bbox 117 806 1040 918; baseline 0.01 -27"><span class='ocrx_word' id='word_1_22' title='bbox 117 815 227 891; x_wconf 88' lang='lat' dir='ltr'><strong>tione</strong></span> <span class='ocrx_word' id='word_1_23' title='bbox 241 816 354 918; x_wconf 89' lang='lat' dir='ltr'><strong>hujus</strong></span> <span class='ocrx_word' id='word_1_24' title='bbox 368 820 561 895; x_wconf 82' lang='lat' dir='ltr'><strong>varietatis</strong></span> <span class='ocrx_word' id='word_1_25' title='bbox 573 823 805 899; x_wconf 82' lang='lat' dir='ltr'><strong>mentionem</strong></span> <span class='ocrx_word' id='word_1_26' title='bbox 819 823 909 901; x_wconf 88' lang='lat' dir='ltr'><strong>feci.</strong></span> <span class='ocrx_word' id='word_1_27' title='bbox 1025 806 1040 813; x_wconf 35' lang='grc' dir='ltr'><strong>μ</strong></span> 
     </span>
    </p>

    <p class='ocr_par' dir='ltr' id='par_1_3' title="bbox 106 939 1128 4177">
     <span class='ocr_line' id='line_1_6' title="bbox 198 939 1128 1045; baseline 0.015 -34"><span class='ocrx_word' id='word_1_28' title='bbox 198 939 261 1012; x_wconf 93' lang='lat' dir='ltr'><strong>De</strong></span> <span class='ocrx_word' id='word_1_29' title='bbox 279 939 537 1018; x_wconf 86' lang='lat' dir='ltr'><strong>chueumone</strong></span> <span class='ocrx_word' id='word_1_30' title='bbox 548 946 741 1045; x_wconf 84' lang='lat' dir='ltr'><strong>Ceporum</strong></span> <span class='ocrx_word' id='word_1_31' title='bbox 755 942 971 1021; x_wconf 69' lang='lat' dir='ltr'><strong>Schranlrn·</strong></span> <span class='ocrx_word' id='word_1_32' title='bbox 988 942 1128 1025; x_wconf 70' lang='lat' dir='ltr'><strong>haudd</strong></span> 
     </span>
     <span class='ocr_line' id='line_1_7' title="bbox 121 1060 1128 1169; baseline 0.007 -34"><span class='ocrx_word' id='word_1_33' title='bbox 121 1061 184 1135; x_wconf 86' lang='lat' dir='ltr'><strong>nia</strong></span> <span class='ocrx_word' id='word_1_34' title='bbox 203 1060 317 1136; x_wconf 90' lang='lat' dir='ltr'><strong>dubia</strong></span> <span class='ocrx_word' id='word_1_35' title='bbox 340 1060 489 1136; x_wconf 87' lang='lat' dir='ltr'><strong>sublata</strong></span> <span class='ocrx_word' id='word_1_36' title='bbox 510 1078 616 1138; x_wconf 72' lang='lat' dir='ltr'><strong>suntz</strong></span> <span class='ocrx_word' id='word_1_37' title='bbox 655 1064 811 1155; x_wconf 84' lang='lat' dir='ltr'><strong>Nescio,</strong></span> <span class='ocrx_word' id='word_1_38' title='bbox 838 1090 930 1139; x_wconf 90' lang='lat' dir='ltr'><strong>num</strong></span> <span class='ocrx_word' id='word_1_39' title='bbox 952 1060 1128 1169; x_wconf 76' lang='lat' dir='ltr'><strong>omnesq&#39;</strong></span> 
     </span>
     <span class='ocr_line' id='line_1_8' title="bbox 121 1174 1128 1287; baseline 0.004 -28"><span class='ocrx_word' id='word_1_40' title='bbox 121 1180 322 1259; x_wconf 80' lang='lat' dir='ltr'><strong>varietates</strong></span> <span class='ocrx_word' id='word_1_41' title='bbox 341 1179 417 1256; x_wconf 92' lang='lat' dir='ltr'><strong>huc</strong></span> <span class='ocrx_word' id='word_1_42' title='bbox 438 1180 572 1258; x_wconf 89' lang='lat' dir='ltr'><strong>referri</strong></span> <span class='ocrx_word' id='word_1_43' title='bbox 587 1182 747 1286; x_wconf 81' lang='lat' dir='ltr'><strong>possint.</strong></span> <span class='ocrx_word' id='word_1_44' title='bbox 800 1174 1128 1287; x_wconf 75' lang='lat' dir='ltr'><strong>Descriptionesh¹</strong></span> 
     </span>
     <span class='ocr_line' id='line_1_9' title="bbox 114 1300 1128 1409; baseline 0.006 -32"><span class='ocrx_word' id='word_1_45' title='bbox 114 1324 187 1377; x_wconf 76' lang='lat' dir='ltr'><strong>&#39;ves</strong></span> <span class='ocrx_word' id='word_1_46' title='bbox 210 1326 339 1377; x_wconf 89' lang='lat' dir='ltr'><strong>earum</strong></span> <span class='ocrx_word' id='word_1_47' title='bbox 358 1303 405 1375; x_wconf 86' lang='lat' dir='ltr'><strong>ad</strong></span> <span class='ocrx_word' id='word_1_48' title='bbox 428 1300 574 1379; x_wconf 78' lang='lat' dir='ltr'><strong>nostras</strong></span> <span class='ocrx_word' id='word_1_49' title='bbox 593 1302 795 1379; x_wconf 82' lang='lat' dir='ltr'><strong>varietates</strong></span> <span class='ocrx_word' id='word_1_50' title='bbox 816 1304 975 1407; x_wconf 88' lang='lat' dir='ltr'><strong>quidem</strong></span> <span class='ocrx_word' id='word_1_51' title='bbox 988 1306 1128 1409; x_wconf 62' lang='lat' dir='ltr'><strong>quadr!¹</strong></span> 
     </span>
     <span class='ocr_line' id='line_1_10' title="bbox 122 1422 1128 1524; baseline 0.006 -27"><span class='ocrx_word' id='word_1_52' title='bbox 122 1423 187 1497; x_wconf 85' lang='lat' dir='ltr'><strong>sed</strong></span> <span class='ocrx_word' id='word_1_53' title='bbox 209 1438 343 1498; x_wconf 83' lang='lat' dir='ltr'>auctor</span> <span class='ocrx_word' id='word_1_54' title='bbox 361 1422 408 1498; x_wconf 85' lang='lat' dir='ltr'><strong>ad</strong></span> <span class='ocrx_word' id='word_1_55' title='bbox 429 1448 535 1501; x_wconf 82' lang='lat' dir='ltr'><strong>suem</strong></span> <span class='ocrx_word' id='word_1_56' title='bbox 554 1422 721 1524; x_wconf 87' lang='lat' dir='ltr'><strong>speciem</strong></span> <span class='ocrx_word' id='word_1_57' title='bbox 742 1422 918 1499; x_wconf 80' lang='lat' dir='ltr'><strong>adhibuit</strong></span> <span class='ocrx_word' id='word_1_58' title='bbox 931 1424 1043 1501; x_wconf 83' lang='lat' dir='ltr'><strong>chu.</strong></span> <span class='ocrx_word' id='word_1_59' title='bbox 1056 1424 1128 1503; x_wconf 77' lang='lat' dir='ltr'><strong>den</strong></span> 
     </span>
     <span class='ocr_line' id='line_1_11' title="bbox 120 1544 1128 1647; baseline 0 -26"><span class='ocrx_word' id='word_1_60' title='bbox 120 1559 288 1623; x_wconf 85' lang='lat' dir='ltr'><strong>totorem</strong></span> <span class='ocrx_word' id='word_1_61' title='bbox 320 1547 444 1622; x_wconf 83' lang='lat' dir='ltr'><strong>Austr.</strong></span> <span class='ocrx_word' id='word_1_62' title='bbox 472 1574 508 1621; x_wconf 93' lang='lat' dir='ltr'><strong>n.</strong></span> <span class='ocrx_word' id='word_1_63' title='bbox 531 1552 624 1634; x_wconf 87' lang='grc'><strong>741,</strong></span> <span class='ocrx_word' id='word_1_64' title='bbox 659 1544 722 1619; x_wconf 90' lang='lat' dir='ltr'><strong>cui</strong></span> <span class='ocrx_word' id='word_1_65' title='bbox 746 1544 934 1620; x_wconf 76' lang='lat' dir='ltr'><strong>abdomen</strong></span> <span class='ocrx_word' id='word_1_66' title='bbox 960 1544 1128 1647; x_wconf 75' lang='lat' dir='ltr'><strong>petiolutt</strong></span> 
     </span>
     <span class='ocr_line' id='line_1_12' title="bbox 119 1662 1128 1770; baseline 0.002 -31"><span class='ocrx_word' id='word_1_67' title='bbox 119 1682 196 1755; x_wconf 89' lang='lat' dir='ltr'><strong>est,</strong></span> <span class='ocrx_word' id='word_1_68' title='bbox 225 1682 265 1741; x_wconf 88' lang='lat' dir='ltr'><strong>et</strong></span> <span class='ocrx_word' id='word_1_69' title='bbox 278 1665 385 1742; x_wconf 84' lang='lat' dir='ltr'><strong>chn.</strong></span> <span class='ocrx_word' id='word_1_70' title='bbox 409 1694 445 1740; x_wconf 91' lang='lat' dir='ltr'><strong>n.</strong></span> <span class='ocrx_word' id='word_1_71' title='bbox 462 1675 513 1744; x_wconf 76' lang='lat'><strong>82</strong></span> <span class='ocrx_word' id='word_1_72' title='bbox 534 1662 747 1770; x_wconf 81' lang='lat' dir='ltr'><strong>Geoffroyi</strong></span> <span class='ocrx_word' id='word_1_73' title='bbox 760 1691 798 1768; x_wconf 89' lang='lat' dir='ltr'><strong>p.</strong></span> <span class='ocrx_word' id='word_1_74' title='bbox 817 1668 905 1755; x_wconf 73' lang='lat'><strong>357,</strong></span> <span class='ocrx_word' id='word_1_75' title='bbox 933 1692 1052 1767; x_wconf 89' lang='lat' dir='ltr'><strong>quem</strong></span> <span class='ocrx_word' id='word_1_76' title='bbox 1064 1666 1128 1743; x_wconf 80' lang='lat' dir='ltr'><strong>Fer</strong></span> 
     </span>
     <span class='ocr_line' id='line_1_13' title="bbox 120 1782 1128 1888; baseline 0.001 -28"><span class='ocrx_word' id='word_1_77' title='bbox 120 1811 218 1888; x_wconf 85' lang='lat' dir='ltr'><em>croy</em></span> <span class='ocrx_word' id='word_1_78' title='bbox 232 1799 270 1859; x_wconf 88' lang='lat' dir='ltr'><strong>et</strong></span> <span class='ocrx_word' id='word_1_79' title='bbox 283 1783 423 1887; x_wconf 85' lang='lat' dir='ltr'><strong>reliqui</strong></span> <span class='ocrx_word' id='word_1_80' title='bbox 438 1782 683 1886; x_wconf 86' lang='lat' dir='ltr'><strong>Entomologi</strong></span> <span class='ocrx_word' id='word_1_81' title='bbox 703 1784 834 1885; x_wconf 79' lang='lat' dir='ltr'><strong>gallici</strong></span> <span class='ocrx_word' id='word_1_82' title='bbox 855 1785 1128 1863; x_wconf 63' lang='lat' dir='ltr'><strong>nomine‘chm</strong></span> 
     </span>
     <span class='ocr_line' id='line_1_14' title="bbox 120 1904 1128 2009; baseline -0.001 -29"><span class='ocrx_word' id='word_1_83' title='bbox 120 1913 242 1982; x_wconf 84' lang='lat' dir='ltr'><strong>monis</strong></span> <span class='ocrx_word' id='word_1_84' title='bbox 266 1909 393 2009; x_wconf 83' lang='lat' dir='ltr'><strong>Cepue</strong></span> <span class='ocrx_word' id='word_1_85' title='bbox 411 1904 714 2007; x_wconf 80' lang='lat' dir='ltr'><strong>designaverunt.</strong></span> <span class='ocrx_word' id='word_1_86' title='bbox 768 1905 891 2006; x_wconf 91' lang='lat' dir='ltr'><strong>Hujus</strong></span> <span class='ocrx_word' id='word_1_87' title='bbox 916 1904 1128 1981; x_wconf 83' lang='lat' dir='ltr'><strong>Ichneumor</strong></span> 
     </span>
     <span class='ocr_line' id='line_1_15' title="bbox 119 2023 1128 2127; baseline -0.005 -27"><span class='ocrx_word' id='word_1_88' title='bbox 119 2024 369 2127; x_wconf 83' lang='lat' dir='ltr'><strong>Geoffroyani</strong></span> <span class='ocrx_word' id='word_1_89' title='bbox 383 2025 555 2113; x_wconf 78' lang='lat' dir='ltr'><strong>varietas,</strong></span> <span class='ocrx_word' id='word_1_90' title='bbox 582 2023 792 2100; x_wconf 91' lang='lat' dir='ltr'><strong>femoribus</strong></span> <span class='ocrx_word' id='word_1_91' title='bbox 807 2023 971 2123; x_wconf 87' lang='lat' dir='ltr'><strong>posticis</strong></span> <span class='ocrx_word' id='word_1_92' title='bbox 986 2024 1106 2127; x_wconf 82' lang='lat' dir='ltr'><strong>nigris,</strong></span> <span class='ocrx_word' id='word_1_93' title='bbox 1124 2056 1128 2095; x_wconf 69' lang='lat' dir='ltr'><strong>r</strong></span> 
     </span>
     <span class='ocr_line' id='line_1_16' title="bbox 119 2140 1128 2249; baseline 0 -30"><span class='ocrx_word' id='word_1_94' title='bbox 119 2161 285 2221; x_wconf 88' lang='lat' dir='ltr'><strong>nostram</strong></span> <span class='ocrx_word' id='word_1_95' title='bbox 300 2146 466 2249; x_wconf 88' lang='lat' dir='ltr'><strong>speciem</strong></span> <span class='ocrx_word' id='word_1_96' title='bbox 480 2145 614 2221; x_wconf 88' lang='lat' dir='ltr'><strong>referri</strong></span> <span class='ocrx_word' id='word_1_97' title='bbox 628 2158 774 2246; x_wconf 77' lang='lat' dir='ltr'><strong>potest3</strong></span> <span class='ocrx_word' id='word_1_98' title='bbox 803 2142 870 2217; x_wconf 92' lang='lat' dir='ltr'><strong>sed</strong></span> <span class='ocrx_word' id='word_1_99' title='bbox 883 2140 1128 2221; x_wconf 82' lang='lat' dir='ltr'><strong>verietatem&#39;l</strong></span> 
     </span>
     <span class='ocr_line' id='line_1_17' title="bbox 116 2260 1128 2368; baseline 0 -27"><span class='ocrx_word' id='word_1_100' title='bbox 116 2265 286 2341; x_wconf 90' lang='lat' dir='ltr'><strong>moribus</strong></span> <span class='ocrx_word' id='word_1_101' title='bbox 306 2266 464 2368; x_wconf 90' lang='lat' dir='ltr'><strong>posticis</strong></span> <span class='ocrx_word' id='word_1_102' title='bbox 482 2263 574 2340; x_wconf 85' lang='lat' dir='ltr'><strong>totis</strong></span> <span class='ocrx_word' id='word_1_103' title='bbox 596 2263 842 2366; x_wconf 79' lang='lat' dir='ltr'><strong>ferrugineis,</strong></span> <span class='ocrx_word' id='word_1_104' title='bbox 869 2261 985 2363; x_wconf 85' lang='lat' dir='ltr'><strong>cujus</strong></span> <span class='ocrx_word' id='word_1_105' title='bbox 1002 2260 1128 2341; x_wconf 66' lang='lat' dir='ltr'><strong>(iectu</strong></span> 
     </span>
     <span class='ocr_line' id='line_1_18' title="bbox 116 2376 1128 2485; baseline -0.001 -24"><span class='ocrx_word' id='word_1_106' title='bbox 116 2385 349 2463; x_wconf 89' lang='lat' dir='ltr'><strong>mentionem</strong></span> <span class='ocrx_word' id='word_1_107' title='bbox 373 2384 481 2473; x_wconf 86' lang='lat' dir='ltr'><strong>facit,</strong></span> <span class='ocrx_word' id='word_1_108' title='bbox 515 2383 615 2459; x_wconf 89' lang='lat' dir='ltr'><strong>inter</strong></span> <span class='ocrx_word' id='word_1_109' title='bbox 641 2383 791 2485; x_wconf 87' lang='lat' dir='ltr'><strong>copiam</strong></span> <span class='ocrx_word' id='word_1_110' title='bbox 816 2382 897 2457; x_wconf 90' lang='lat' dir='ltr'><strong>fere</strong></span> <span class='ocrx_word' id='word_1_111' title='bbox 927 2376 1128 2477; x_wconf 46' lang='lat' dir='ltr'><strong>innume*</strong></span> 
     </span>
     <span class='ocr_line' id='line_1_19' title="bbox 116 2494 1128 2606; baseline -0.002 -23"><span class='ocrx_word' id='word_1_112' title='bbox 116 2507 194 2583; x_wconf 92' lang='lat' dir='ltr'><strong>lem</strong></span> <span class='ocrx_word' id='word_1_113' title='bbox 218 2502 500 2580; x_wconf 84' lang='lat' dir='ltr'><strong>individuorum</strong></span> <span class='ocrx_word' id='word_1_114' title='bbox 522 2519 672 2578; x_wconf 83' lang='lat' dir='ltr'><strong>nostrae</strong></span> <span class='ocrx_word' id='word_1_115' title='bbox 699 2502 841 2604; x_wconf 84' lang='lat' dir='ltr'><strong>speciei</strong></span> <span class='ocrx_word' id='word_1_116' title='bbox 871 2494 1128 2606; x_wconf 74' lang='lat' dir='ltr'><strong>nunquamt&#39;f</strong></span> 
     </span>
     <span class='ocr_line' id='line_1_20' title="bbox 117 2618 1128 2729; baseline -0.004 -26"><span class='ocrx_word' id='word_1_117' title='bbox 117 2624 326 2724; x_wconf 82' lang='lat' dir='ltr'><strong>Quaeritur</strong></span> <span class='ocrx_word' id='word_1_118' title='bbox 350 2639 494 2714; x_wconf 88' lang='lat' dir='ltr'><strong>autem,</strong></span> <span class='ocrx_word' id='word_1_119' title='bbox 530 2651 621 2697; x_wconf 91' lang='lat' dir='ltr'><strong>num</strong></span> <span class='ocrx_word' id='word_1_120' title='bbox 645 2623 773 2697; x_wconf 78' lang='lat' dir='ltr'><strong>forsan</strong></span> <span class='ocrx_word' id='word_1_121' title='bbox 801 2622 992 2726; x_wconf 84' lang='lat' dir='ltr'><strong>Geoffroy</strong></span> <span class='ocrx_word' id='word_1_122' title='bbox 1019 2618 1128 2729; x_wconf 71' lang='lat' dir='ltr'><strong>speeie</strong></span> 
     </span>
     <span class='ocr_line' id='line_1_21' title="bbox 117 2742 1128 2845; baseline 0.002 -25"><span class='ocrx_word' id='word_1_123' title='bbox 117 2746 246 2836; x_wconf 90' lang='lat' dir='ltr'><strong>aliam,</strong></span> <span class='ocrx_word' id='word_1_124' title='bbox 274 2745 334 2820; x_wconf 92' lang='lat' dir='ltr'><strong>illi</strong></span> <span class='ocrx_word' id='word_1_125' title='bbox 357 2745 525 2833; x_wconf 81' lang='lat' dir='ltr'><strong>affinem,</strong></span> <span class='ocrx_word' id='word_1_126' title='bbox 554 2742 762 2820; x_wconf 90' lang='lat' dir='ltr'><strong>femoribus</strong></span> <span class='ocrx_word' id='word_1_127' title='bbox 775 2744 934 2845; x_wconf 86' lang='lat' dir='ltr'><strong>posticis</strong></span> <span class='ocrx_word' id='word_1_128' title='bbox 948 2746 1060 2836; x_wconf 77' lang='lat' dir='ltr'><strong>rufis,</strong></span> <span class='ocrx_word' id='word_1_129' title='bbox 1083 2742 1128 2821; x_wconf 72' lang='lat' dir='ltr'><strong>fu</strong></span> 
     </span>
     <span class='ocr_line' id='line_1_22' title="bbox 116 2860 1128 2966; baseline 0.001 -26"><span class='ocrx_word' id='word_1_130' title='bbox 116 2882 287 2941; x_wconf 90' lang='lat' dir='ltr'><strong>nostrum</strong></span> <span class='ocrx_word' id='word_1_131' title='bbox 308 2868 377 2941; x_wconf 88' lang='lat' dir='ltr'><strong>Tr.</strong></span> <span class='ocrx_word' id='word_1_132' title='bbox 394 2860 720 2953; x_wconf 70' lang='lat' dir='ltr'><strong>brunniventrem,</strong></span> <span class='ocrx_word' id='word_1_133' title='bbox 747 2893 782 2938; x_wconf 93' lang='lat' dir='ltr'><strong>n.</strong></span> <span class='ocrx_word' id='word_1_134' title='bbox 802 2871 887 2951; x_wconf 87' lang='grc'><strong>187,</strong></span> <span class='ocrx_word' id='word_1_135' title='bbox 915 2889 991 2966; x_wconf 91' lang='lat' dir='ltr'><strong>pro</strong></span> <span class='ocrx_word' id='word_1_136' title='bbox 1002 2864 1128 2943; x_wconf 73' lang='lat' dir='ltr'><strong>veriet!</strong></span> 
     </span>
     <span class='ocr_line' id='line_1_23' title="bbox 107 2980 1128 3089; baseline -0.002 -25"><span class='ocrx_word' id='word_1_137' title='bbox 107 2984 549 3064; x_wconf 71' lang='lat' dir='ltr'><strong>&#39;rutilatorishabueritl</strong></span> <span class='ocrx_word' id='word_1_138' title='bbox 582 2986 726 3059; x_wconf 87' lang='lat' dir='ltr'><strong>Auctor</strong></span> <span class='ocrx_word' id='word_1_139' title='bbox 738 2984 786 3059; x_wconf 92' lang='lat' dir='ltr'><strong>de</strong></span> <span class='ocrx_word' id='word_1_140' title='bbox 800 2985 1027 3062; x_wconf 89' lang='lat' dir='ltr'><strong>oeconomia</strong></span> <span class='ocrx_word' id='word_1_141' title='bbox 1041 2980 1128 3089; x_wconf 73' lang='lat' dir='ltr'><strong>epod</strong></span> 
     </span>
     <span class='ocr_line' id='line_1_24' title="bbox 114 3102 1128 3207; baseline 0.001 -26"><span class='ocrx_word' id='word_1_142' title='bbox 114 3122 249 3196; x_wconf 86' lang='lat' dir='ltr'><strong>narrat,</strong></span> <span class='ocrx_word' id='word_1_143' title='bbox 273 3132 355 3180; x_wconf 86' lang='lat' dir='ltr'><strong>eam</strong></span> <span class='ocrx_word' id='word_1_144' title='bbox 371 3104 513 3181; x_wconf 86' lang='lat' dir='ltr'><strong>Allium</strong></span> <span class='ocrx_word' id='word_1_145' title='bbox 526 3130 669 3206; x_wconf 83' lang='lat' dir='ltr'><strong>cepam,</strong></span> <span class='ocrx_word' id='word_1_146' title='bbox 693 3128 861 3207; x_wconf 87' lang='lat' dir='ltr'><strong>porrum,</strong></span> <span class='ocrx_word' id='word_1_147' title='bbox 883 3104 1058 3197; x_wconf 78' lang='lat' dir='ltr'><strong>sativum,</strong></span> <span class='ocrx_word' id='word_1_148' title='bbox 1071 3102 1128 3181; x_wconf 74' lang='lat' dir='ltr'><strong>al&#39;n</strong></span> 
     </span>
     <span class='ocr_line' id='line_1_25' title="bbox 114 3218 1128 3329; baseline -0.002 -28"><span class='ocrx_word' id='word_1_149' title='bbox 114 3254 189 3329; x_wconf 90' lang='lat' dir='ltr'><strong>que</strong></span> <span class='ocrx_word' id='word_1_150' title='bbox 205 3225 319 3327; x_wconf 88' lang='lat' dir='ltr'><strong>hujus</strong></span> <span class='ocrx_word' id='word_1_151' title='bbox 336 3225 465 3298; x_wconf 89' lang='lat' dir='ltr'><strong>classis</strong></span> <span class='ocrx_word' id='word_1_152' title='bbox 485 3225 634 3325; x_wconf 85' lang='lat' dir='ltr'><strong>plantas</strong></span> <span class='ocrx_word' id='word_1_153' title='bbox 653 3223 915 3325; x_wconf 76' lang='lat' dir='ltr'><strong>frequentare,</strong></span> <span class='ocrx_word' id='word_1_154' title='bbox 944 3218 1128 3328; x_wconf 89' lang='lat' dir='ltr'><strong>quaruml</strong></span> 
     </span>
     <span class='ocr_line' id='line_1_26' title="bbox 112 3344 1128 3446; baseline 0.002 -26"><span class='ocrx_word' id='word_1_155' title='bbox 112 3346 175 3422; x_wconf 91' lang='lat' dir='ltr'><strong>liis</strong></span> <span class='ocrx_word' id='word_1_156' title='bbox 197 3345 390 3421; x_wconf 89' lang='lat' dir='ltr'><strong>interdum</strong></span> <span class='ocrx_word' id='word_1_157' title='bbox 411 3344 576 3420; x_wconf 80' lang='lat' dir='ltr'><strong>folliculi</strong></span> <span class='ocrx_word' id='word_1_158' title='bbox 601 3344 707 3446; x_wconf 87' lang='lat' dir='ltr'><strong>parvi</strong></span> <span class='ocrx_word' id='word_1_159' title='bbox 730 3345 926 3420; x_wconf 85' lang='lat' dir='ltr'><strong>reticulati</strong></span> <span class='ocrx_word' id='word_1_160' title='bbox 943 3345 1128 3422; x_wconf 76' lang='lat' dir='ltr'><strong>inhaerear</strong></span> 
     </span>
     <span class='ocr_line' id='line_1_27' title="bbox 107 3465 1128 3568; baseline 0.005 -30"><span class='ocrx_word' id='word_1_161' title='bbox 107 3491 154 3539; x_wconf 65' lang='lat' dir='ltr'><strong>‘se</strong></span> <span class='ocrx_word' id='word_1_162' title='bbox 172 3465 242 3540; x_wconf 91' lang='lat' dir='ltr'><strong>hos</strong></span> <span class='ocrx_word' id='word_1_163' title='bbox 264 3465 461 3542; x_wconf 90' lang='lat' dir='ltr'><strong>folliculos</strong></span> <span class='ocrx_word' id='word_1_164' title='bbox 486 3466 703 3567; x_wconf 85' lang='lat' dir='ltr'><strong>collegisse,</strong></span> <span class='ocrx_word' id='word_1_165' title='bbox 731 3491 753 3540; x_wconf 90' lang='lat' dir='ltr'><strong>e</strong></span> <span class='ocrx_word' id='word_1_166' title='bbox 776 3466 915 3568; x_wconf 90' lang='lat' dir='ltr'><strong>quibus</strong></span> <span class='ocrx_word' id='word_1_167' title='bbox 936 3466 1004 3541; x_wconf 92' lang='lat' dir='ltr'><strong>hic</strong></span> <span class='ocrx_word' id='word_1_168' title='bbox 1020 3466 1128 3543; x_wconf 73' lang='lat' dir='ltr'><strong>lehn·</strong></span> 
     </span>
     <span class='ocr_line' id='line_1_28' title="bbox 107 3584 1128 3691; baseline 0.003 -30"><span class='ocrx_word' id='word_1_169' title='bbox 107 3610 202 3661; x_wconf 89' lang='lat' dir='ltr'><strong>mon</strong></span> <span class='ocrx_word' id='word_1_170' title='bbox 214 3585 375 3689; x_wconf 86' lang='lat' dir='ltr'><strong>ejusque</strong></span> <span class='ocrx_word' id='word_1_171' title='bbox 389 3585 588 3661; x_wconf 75' lang='lat' dir='ltr'><strong>varietates</strong></span> <span class='ocrx_word' id='word_1_172' title='bbox 604 3586 880 3688; x_wconf 87' lang='lat' dir='ltr'><strong>provenissent.</strong></span> <span class='ocrx_word' id='word_1_173' title='bbox 917 3586 977 3663; x_wconf 82' lang='lat' dir='ltr'><strong>Ex</strong></span> <span class='ocrx_word' id='word_1_174' title='bbox 992 3614 1071 3691; x_wconf 85' lang='lat' dir='ltr'><strong>quo</strong></span> <span class='ocrx_word' id='word_1_175' title='bbox 1084 3584 1128 3663; x_wconf 78' lang='lat' dir='ltr'><strong>br</strong></span> 
     </span>
     <span class='ocr_line' id='line_1_29' title="bbox 112 3704 1128 3810; baseline 0.005 -30"><span class='ocrx_word' id='word_1_176' title='bbox 112 3704 289 3780; x_wconf 90' lang='lat' dir='ltr'><strong>notitiam</strong></span> <span class='ocrx_word' id='word_1_177' title='bbox 316 3706 500 3806; x_wconf 86' lang='lat' dir='ltr'><strong>legeram,</strong></span> <span class='ocrx_word' id='word_1_178' title='bbox 535 3707 685 3802; x_wconf 87' lang='lat' dir='ltr'><strong>plantas</strong></span> <span class='ocrx_word' id='word_1_179' title='bbox 719 3708 808 3782; x_wconf 85' lang='lat' dir='ltr'><strong>istas</strong></span> <span class='ocrx_word' id='word_1_180' title='bbox 843 3707 997 3810; x_wconf 73' lang='lat' dir='ltr'><strong>saepius</strong></span> <span class='ocrx_word' id='word_1_181' title='bbox 1029 3708 1128 3785; x_wconf 75' lang='lat' dir='ltr'><strong>adm</strong></span> 
     </span>
     <span class='ocr_line' id='line_1_30' title="bbox 112 3823 1128 3932; baseline 0.005 -34"><span class='ocrx_word' id='word_1_182' title='bbox 112 3824 277 3913; x_wconf 72' lang='lat' dir='ltr'><strong>adibam</strong></span> <span class='ocrx_word' id='word_1_183' title='bbox 304 3823 397 3898; x_wconf 89' lang='lat' dir='ltr'><strong>mihi</strong></span> <span class='ocrx_word' id='word_1_184' title='bbox 419 3840 546 3901; x_wconf 88' lang='lat' dir='ltr'><strong>autem</strong></span> <span class='ocrx_word' id='word_1_185' title='bbox 565 3853 759 3932; x_wconf 89' lang='lat' dir='ltr'><strong>nunquam</strong></span> <span class='ocrx_word' id='word_1_186' title='bbox 786 3829 968 3932; x_wconf 88' lang='lat' dir='ltr'><strong>contigit,</strong></span> <span class='ocrx_word' id='word_1_187' title='bbox 998 3846 1044 3905; x_wconf 86' lang='lat' dir='ltr'><strong>ut</strong></span> <span class='ocrx_word' id='word_1_188' title='bbox 1066 3828 1128 3904; x_wconf 77' lang='lat' dir='ltr'><strong>int</strong></span> 
     </span>
     <span class='ocr_line' id='line_1_31' title="bbox 109 3944 1128 4055; baseline 0.009 -35"><span class='ocrx_word' id='word_1_189' title='bbox 109 3944 308 4027; x_wconf 81' lang='lat' dir='ltr'><strong>folliculos</strong></span> <span class='ocrx_word' id='word_1_190' title='bbox 321 3960 387 4021; x_wconf 88' lang='lat' dir='ltr'><strong>aut</strong></span> <span class='ocrx_word' id='word_1_191' title='bbox 401 3944 693 4038; x_wconf 89' lang='lat' dir='ltr'><strong>Ichneumones,</strong></span> <span class='ocrx_word' id='word_1_192' title='bbox 720 3950 815 4024; x_wconf 85' lang='lat' dir='ltr'><strong>tales</strong></span> <span class='ocrx_word' id='word_1_193' title='bbox 829 3951 982 4051; x_wconf 85' lang='lat' dir='ltr'><strong>plantas</strong></span> <span class='ocrx_word' id='word_1_194' title='bbox 1002 3945 1128 4055; x_wconf 76' lang='lat' dir='ltr'><strong>praedi</strong></span> 
     </span>
     <span class='ocr_line' id='line_1_32' title="bbox 106 4064 1128 4177; baseline 0.006 -33"><span class='ocrx_word' id='word_1_195' title='bbox 106 4083 261 4171; x_wconf 84' lang='lat' dir='ltr'><strong>gentes,</strong></span> <span class='ocrx_word' id='word_1_196' title='bbox 288 4064 528 4146; x_wconf 77' lang='lat' dir='ltr'><strong>invenissem.</strong></span> <span class='ocrx_word' id='word_1_197' title='bbox 557 4110 608 4123; x_wconf 95' lang='lat'><em>-</em></span> <span class='ocrx_word' id='word_1_198' title='bbox 635 4067 697 4143; x_wconf 92' lang='lat' dir='ltr'><strong>Ob</strong></span> <span class='ocrx_word' id='word_1_199' title='bbox 711 4068 938 4146; x_wconf 78' lang='lat' dir='ltr'><strong>brevitatem</strong></span> <span class='ocrx_word' id='word_1_200' title='bbox 951 4066 1128 4177; x_wconf 80' lang='lat' dir='ltr'><strong>descripti</strong></span> 
     </span>
    </p>
   </div>
   <div class='ocr_carea' id='block_1_3' title="bbox 0 0 1286 5078">
    <p class='ocr_par' dir='ltr' id='par_1_4' title="bbox 0 0 1286 5078">
     <span class='ocr_line' id='line_1_33' title="bbox 0 0 1286 5078; baseline 0 1"><span class='ocrx_word' id='word_1_201' title='bbox 0 0 1286 5078; x_wconf 95' lang='lat' dir='ltr'><strong> </strong></span> 
     </span>
    </p>
   </div>
  </div>
 </body>
</html>
