2564 5078
115 266 193 347 676
550 288 763 343 anterus·

531 453 768 531 Varietate:

193 596 228 667 1.
266 587 500 668 Abdominis
526 591 651 668 medio
678 593 781 696 ruso.
808 588 836 666 f.
870 632 925 650 -
955 590 1068 692 longi

117 706 178 813 ΡΛ
200 707 399 787 linearum.
453 715 583 814 Caput
596 710 722 813 palpis
736 710 961 803 stramineis,
981 737 1068 786 mam

113 828 165 909 lis
178 829 305 906 medio
321 830 426 905 rufis.
480 832 685 909 Antennae
702 831 879 908 articulis
904 840 925 912 1
945 846 986 909 et
1001 841 1027 910 2
1045 857 1068 905 u

113 949 217 1025 rufis.
271 947 395 1027 Pedes
420 949 544 1027 diluto
563 950 653 1039 ruli3
680 952 820 1053 postici
843 953 973 1041 tarsis,
1000 951 1067 1025 tibi

113 1068 222 1170 apice
243 1082 283 1144 et
300 1094 480 1146 coxarum
499 1068 579 1144 basi
598 1068 728 1147 luscis.
783 1070 988 1149 Abdomen
1008 1094 1068 1173 seg

112 1187 163 1263 tis
185 1194 302 1267 e—4
322 1192 433 1282 rufis,
460 1189 621 1293 reliquis
635 1188 769 1291 nigris,
798 1192 916 1269 5-7
935 1190 1068 1293 margin

113 1308 216 1385 bido.
243 1351 297 1369 -
323 1311 481 1387 Caetera
500 1325 544 1386 ut
556 1309 597 1384 in
609 1306 749 1395 femina
762 1310 938 1411 genuina.

190 1431 296 1505 Hanc
309 1432 531 1508 uarietatem
542 1427 726 1508 Hcrtlicb
739 1429 845 1533 cepit
863 1455 995 1506 mense
1007 1428 1068 1530 Sep

113 1550 173 1626 bri
187 1551 289 1628 circa
302 1552 420 1631 Plcss.

432 1899 505 1963 108.
547 1889 584 1956 C.
607 1886 866 1957 BITINCTUS.

313 2064 543 2126 Antennarum
563 2056 651 2140 basi,
680 2058 860 2147 segmentis
882 2070 995 2141 2-7,
1016 2058 1068 2149 ped

314 2184 378 2248 que
391 2160 490 2243 ruiis,
512 2161 604 2227 coxis
617 2161 757 2250 posticis
768 2160 886 2250 nigris.
927 2160 954 2227 f.

187 2365 412 2468 Longitudo
426 2365 507 2444 fere
524 2368 681 2463 2-27,
701 2366 902 2444 linearum.
951 2371 1068 2470 Caput

111 2488 172 2589 pis
194 2504 234 2564 et
254 2488 484 2564 mandibulis
505 2487 697 2562 interdum
718 2487 947 2589 ferrugineis
969 2504 1067 2588 autp

110 2609 334 2685 stramineis.
389 2595 593 2685 Antennoe
617 2607 832 2696 fililormes,
867 2608 1068 2710 corporis«

110 2730 165 2803 dii
185 2729 440 2828 longitudine,
469 2745 662 2818 curvatae,
691 2729 752 2805 vel
774 2727 904 2803 fuscae
923 2729 1068 2801 basino

110 2850 247 2925 sensim
268 2849 507 2952 pallidiores,
535 2848 597 2923 vel
617 2847 855 2950 ferrugineue
876 2848 1026 2949 apicem
1044 2872 1068 2920 u

108 2968 381 3058 luscescentem
417 2970 548 3045 subtus
582 2995 731 3072 semper
761 2968 870 3043 basin
902 2991 1068 3043 versusr

107 3092 271 3166 articulo
289 3101 303 3169 1
325 3090 531 3165 rulolulvo.
588 3088 962 3189 Thoraoegibbulus,
990 3102 1068 3163 met·

110 3237 195 3285 race
215 3210 425 3285 tuberculis
450 3208 597 3284 duobus
619 3209 822 3284 subacutis.
878 3213 985 3287 Aloe
1003 3207 1068 3308 hya

109 3345 173 3403 aut
187 3329 520 3430 lumatohyalinae,
544 3329 718 3430 stigmate
732 3342 772 3404 et
786 3328 892 3403 radio
907 3328 1035 3415 fuscis,
1049 3353 1068 3400 n

110 3451 328 3539 straminea,
373 3450 567 3550 squamula
602 3450 686 3524 rusa
724 3465 790 3523 aut
821 3462 1005 3535 testacea,
1047 3471 1068 3519 a:

108 3594 221 3668 parva
250 3568 608 3671 quinqueangulari,
637 3593 754 3645 nervo
776 3566 966 3642 exteriore
989 3567 1068 3639 inter

108 3688 295 3788 pertenui.
350 3689 473 3768 Pedes
486 3687 695 3764 mediocres
709 3688 800 3775 rufi3
828 3679 1068 3787 coxispostici

107 3806 182 3908 gris
215 3821 280 3880 aut
313 3804 449 3897 fuscis,
484 3808 710 3911 plerumque
743 3807 854 3909 apice
886 3805 1067 3881 rufescent

107 3926 298 4003 interdum
315 3927 426 4001 tarsis
441 3928 597 4029 posticis
614 3925 996 4004 subluscescentibus.
1035 3918 1068 3997 A

106 4074 189 4125 men
213 4046 350 4151 capitis
372 4045 616 4152 thoracisque
635 4045 877 4152 longitudine
896 4061 936 4121 et
955 4032 1068 4119 lutitut¹
