2564 5078
536 299 743 373 rurraou

332 589 403 657 151·
446 579 488 650 Τ.
511 574 888 647 ERYTHROCERUS.
931 601 970 647 ιι.

307 764 505 835 Abdominis
525 722 643 831 medic*
659 762 753 846 rus03
782 760 924 852 petibus
946 764 1047 829 anter?

308 866 404 951 rufis,
427 867 518 934 coxis
538 877 573 935 et
588 864 752 934 semorum
766 864 840 930 basi
853 863 976 952 nigris3
997 863 1047 932 tib

307 968 401 1036 sticis
417 967 499 1036 ruiis
519 968 613 1057 apice
629 971 745 1057 nigr03
771 964 932 1032 antennis
942 964 1047 1032 subtis

309 1093 352 1137 m.
366 1069 390 1139 s.
434 1072 528 1155 (Mas
540 1066 624 1135 facie
635 1067 746 1152 flava.)

185 1290 609 1396 Longttadomarisass
624 1298 727 1383 -4,
754 1292 919 1369 feminae
941 1288 1047 1396 872-

110 1436 275 1491 ncarum.
320 1420 461 1518 -Caput
478 1421 600 1493 muris
620 1438 686 1490 ore
706 1396 864 1489 etfacie
881 1411 1006 1500 flavis,
1033 1409 1047 1485 l

110 1530 314 1635 plurimum
335 1550 479 1635 puncto
500 1559 568 1609 seu
587 1532 729 1610 lineola
754 1530 1026 1633 longitudinali

109 1653 313 1732 Anteunue
329 1654 588 1743 subsetaceae,
613 1651 694 1729 fere
722 1650 963 1753 longitudine
989 1674 1047 1725 cor

19 1778 22 1785 '
109 1769 218 1874 apice
239 1771 437 1863 incurvae3
462 1771 633 1849 articulis
662 1776 774 1851 1—4
800 1769 935 1872 nigris,
966 1778 986 1848 1
1008 1783 1047 1844 at

108 1890 204 1967 mari
223 1890 357 1969 subtus
376 1908 520 2000 puncto
540 1893 638 1967 flavo
666 1888 904 1969 distincticre
931 1903 998 1966 aut
1024 1913 1047 1964 ο

109 2008 228 2098 tiore3
254 2013 498 2115 sequentibus
512 2011 644 2088 subtus
655 2010 745 2089 rufis
760 2024 826 2087 aut
839 2007 1047 2110 ferruginei

109 2129 319 2208 timistotis
333 2133 435 2207 rufis.
491 2131 661 2211 Thorax
672 2129 863 2232 gibbulus.
909 2129 1047 2208 Alcer

1 2263 4 2270 '
110 2274 211 2341 cres,
238 2250 647 2352 subsumatchyaliuae,
679 2249 853 2351 stigmate
872 2261 912 2329 et
931 2249 1042 2329 radio

110 2369 189 2446 ceis
203 2371 412 2473 autpiceis‚
439 2372 566 2451 radice
580 2370 988 2458 testacecflavescente,
1013 2370 1047 2447 fe

111 2489 301 2566 interdum
317 2490 571 2579 succrescente,
599 2489 795 2592 squamula
819 2487 932 2561 maris
956 2486 1047 2563 flava

112 2635 182 2685 nae
198 2609 320 2708 nigrru
347 2609 473 2685 areola
487 2609 549 2687 vel
564 2608 719 2687 omniuo
733 2608 849 2694 nulla,
872 2606 934 2682 vel
952 2631 1047 2709 part·

111 2726 233 2832 gulari
248 2726 441 2828 petiolata,
470 2728 680 2826 (interdum
692 2729 732 2804 in
747 2727 805 2801 ala
820 2725 972 2800 sinistra
989 2726 1047 2801 nu]

112 2844 241 2921 dextra
257 2847 390 2946 parva)
412 2847 505 2920 mari
524 2848 711 2923 rarissime
725 2845 965 2925 distinctiore
979 2872 1047 2947 ma

113 2962 377 3069 subpetiolata.
432 2965 554 3044 Pedes
571 2967 730 3066 graciles
754 2980 820 3041 aut
834 2964 1047 3066 subgracile

112 3082 270 3158 teriores
300 3091 422 3159 muris
448 3083 648 3176 rutofulvi,
684 3086 787 3162 coxis
818 3085 952 3186 nigris,
988 3084 1047 3158 int

113 3202 244 3282 subtus
273 3203 421 3280 macula
446 3203 557 3292 flava,
589 3204 893 3284 trochanteribus
923 3203 1032 3280 flavis

113 3322 245 3422 nigris,
273 3321 479 3400 femoribus
496 3320 576 3395 basi
593 3321 726 3423 nigris,
755 3324 888 3399 mediis
906 3323 1047 3399 interdr

111 3455 171 3515 tra
198 3441 289 3516 totis
319 3441 454 3542 nigris,
472 3440 650 3542 feminae
677 3442 780 3519 coxis
808 3458 848 3520 et
874 3442 1047 3519 trochant

113 3559 248 3659 nigris,
274 3559 481 3637 femoribus
504 3558 637 3633 anticis
652 3556 742 3635 rufis
756 3560 836 3635 basi
851 3560 956 3662 nigra
970 3565 1047 3638 mei

113 3680 189 3779 gris
212 3679 319 3779 apice
338 3679 442 3769 ruso,
470 3677 575 3752 tibiis
598 3692 638 3754 et
652 3678 760 3753 tarsis
774 3681 884 3767 rufis3
913 3682 1047 3783 postici

112 3797 217 3872 tibiis
244 3799 333 3873 rufis
364 3815 429 3873 aut
456 3797 632 3875 testaceis
659 3796 768 3897 apice
799 3799 919 3899 nigro.
977 3800 1047 3876 Aa

112 3916 408 4018 subpetiolatum
442 3933 507 3991 aut
535 3914 752 4005 subsessile,
787 3917 913 4019 capite
946 3918 1047 3994 thora

112 4035 228 4141 paulo
239 4037 388 4139 longius
404 4037 464 4114 vel
481 4062 611 4112 eorum
625 4036 882 4138 longitudine,
912 4037 1047 4117 thorae
