2564 5078
121 286 198 359 480
558 294 754 347 cnrrrus

197 464 438 542 Indiuiduum
459 461 612 538 unicum
633 460 737 565 cepit
756 458 942 540 Hartlt'ed
956 441 1059 537 circa
1081 460 1166 541 Vra·

120 589 325 665 tistooiam.

321 791 456 865 Nota:

197 928 299 1003 Haec
321 926 466 1031 species
489 941 528 1003 et
549 925 768 1027 insequens,
794 924 946 1001 ratione
959 923 1163 1027 saginarum

120 1047 297 1137 analium,
325 1061 572 1122 antennarum
585 1044 704 1147 magis
718 1030 970 1133 filiformium,
997 1041 1163 1119 metathe-

89 1203 93 1209 ·
120 1167 217 1245 racis
232 1166 355 1243 minus
368 1164 491 1266 gibbi,
519 1165 711 1268 areliquis
729 1163 844 1266 hujus
858 1163 1025 1239 familiae
1040 1162 1163 1266 specie·

119 1287 191 1363 bus
209 1286 427 1375 discedunt,
453 1285 598 1386 vaginis
620 1283 791 1360 analibus
812 1298 939 1361 autem
961 1310 1048 1359 cum
1074 1281 1161 1357 sami·

120 1405 194 1481 liae
209 1407 264 1481 XI
279 1404 443 1481 maribus
456 1405 699 1494 conveniunt,
715 1403 880 1505 indeque
892 1404 1060 1479 medium
1073 1399 1159 1507 qnasi

120 1540 310 1629 occupant
324 1525 424 1617 inter
435 1522 533 1600 hanc
547 1539 587 1599 et
601 1524 708 1598 illam
721 1522 916 1599 familiam.

386 1954 438 2023 14.
479 1947 521 2015 H.
544 1945 839 2016 UNGULATUS.
882 1970 919 2014 n.

320 2148 443 2233 Rufum
473 2151 598 2240 capite,
624 2150 840 2242 prothomcc,
867 2149 1098 2238 unguibusque
1117 2143 1159 2212 ni·

319 2255 399 2342 gris.
441 2253 510 2320 nn?
531 2252 579 2324 sd

198 2492 419 2593 longitudo
440 2487 506 2592 47,
533 2495 732 2569 linearum.
788 2494 916 2596 Caput
930 2492 1154 2596 palpistestt·

120 2614 210 2688 ceis.
252 2617 454 2689 Antennoe
467 2628 673 2716 porrectae,
696 2638 856 2714 corpore
869 2614 1075 2703 breviores,
1096 2606 1159 2685 sub·

121 2732 338 2820 filiformes,
366 2734 512 2834 apicem
540 2759 671 2809 versus
691 2735 815 2807 minus
837 2748 1055 2808 attenuatae
1073 2750 1158 2833 quau

119 2853 159 2926 in
174 2852 333 2955 reliquis
348 2851 462 2955 hujus
475 2853 642 2928 familiae
657 2852 872 2953 speciebus,
901 2870 1062 2955 excepta
1075 2869 1159 2953 prat·

119 2974 288 3063 cedente,
315 2973 454 3062 fuscae,
478 2973 609 3048 subtus
624 2972 960 3073 rufoferrugineae,
985 2969 1157 3046 articulet

118 3109 203 3170 toto
229 3095 349 3197 nigro.
410 3094 580 3169 Thorax
606 3092 802 3193 gibbulus,
837 3092 963 3194 niger-3
998 3085 1159 3167 meudo-

119 3238 206 3290 race
230 3214 333 3303 ruf0,
362 3213 513 3302 inermi,
541 3212 666 3286 minus
693 3213 808 3314 gibbo
829 3238 941 3314 quam
964 3214 1004 3287 in
1026 3201 1157 3308 reliquit

119 3335 383 3436 cospeciebus,
411 3346 568 3436 excepta
584 3333 756 3434 proxime
771 3333 1031 3408 antecedente.
1082 3327 1160 3407 Aue

120 3452 458 3554 fumatohyalinae,
488 3454 662 3554 stigmate
681 3453 787 3528 radio
803 3468 843 3528 et
857 3452 985 3527 radice
1001 3465 1159 3527 testaceo·

120 3573 349 3661 stramineis,
379 3574 574 3675 squamula
595 3575 715 3674 nigra,
745 3574 871 3649 areola
900 3572 1157 3674 quinqueangu·

120 3691 190 3766 lari
211 3693 581 3794 subquadrangulari.
637 3693 759 3770 Pedes
779 3692 957 3793 graciles,
985 3681 1155 3766 tun-orutz

118 3812 232 3886 medii
250 3811 401 3913 ungulis
415 3812 549 3912 nigris,
568 3813 705 3916 postici
721 3837 868 3887 summo
882 3813 1061 3889 tibiarum
1073 3803 1153 3908 api&

119 3948 159 4008 et
178 3948 365 4009 tarsorum
391 3932 563 4008 articulis
589 3943 625 4020 1,
647 3942 672 4011 Ξ
693 3948 732 4009 et
752 3935 777 4010 5
797 3932 926 4033 nigris.
983 3928 1154 4010 Abdonen

119 4053 480 4143 susisormiovatum,
524 4054 725 4129 latitudine
759 4053 942 4144 thoracis,
978 4078 1023 4129 eo
1052 4056 1158 4124 auttfl¹
