2564 5078
207 274 284 349 733
638 280 838 332 unsaros

209 459 300 532 dum
319 447 489 550 margine
509 463 575 522 aut
595 445 778 523 lateribus
797 445 935 549 nigrim
962 446 990 529 d
1011 450 1076 527 vel
1098 449 1261 527 tumre]

211 576 320 677 nigro
332 569 396 646 vel
407 567 488 642 basi
506 567 610 643 dorsi
622 565 725 655 rufa3
752 565 1015 669 det'7aigria.
1050 628 1055 635 .

250 720 254 725 ·
285 688 483 787 Quaedam
520 686 714 762 individua
752 710 883 762 menae
921 687 1024 790 Maji
1062 690 1154 794 cepi
1181 689 1262 801 enea

209 812 439 910 Gottingum
474 821 514 883 et
544 830 675 881 mense
707 805 820 882 Iunio
852 805 894 880 in
925 807 1154 886 umbellatia
1184 811 1262 885 cirea

208 926 493 1011 Burterodum3
525 951 643 999 unum
670 950 799 1001 mense
827 925 929 1001 Iulio
955 925 1062 1003 cirea
1090 930 1263 1008 Helmstu

155 1114 159 1119 .
209 1051 317 1129 dium
349 1047 390 1121 in
424 1041 659 1130 umbellatis,
691 1042 806 1144 idque
838 1043 963 1146 palpis
999 1048 1262 1149 pallidioribus,

209 1184 317 1272 parte
331 1165 454 1241 antica
468 1160 654 1263 segmenti
666 1160 781 1265 primi
797 1161 1075 1255 subfoveolata,
1093 1195 1114 1241 a
1126 1165 1260 1268 reliquia

207 1287 449 1370 distinctum3
476 1281 550 1356 alia
570 1279 754 1382 quaedam
776 1274 936 1386 accepi,
954 1281 1060 1361 circa
1075 1287 1218 1392 Nieaty
1233 1298 1259 1358 et

211 1408 253 1488 V
250 1402 484 1486 indobonom
504 1414 627 1499 capta.

407 1622 545 1697 Nota:

284 1757 466 1836 Conferat
481 1782 577 1861 quae
591 1755 661 1833 sub
675 1758 804 1859 specie
817 1760 1070 1839 antecedente
1084 1758 1217 1837 monui.

513 2186 588 2252 207.
630 2176 665 2243 P.
691 2180 884 2251 vAGnNs.
926 2174 962 2248 n.

407 2382 593 2469 segmentis
612 2389 725 2464 2-6,
754 2382 951 2466 femoribus,
980 2382 1157 2474 cittisque,
1176 2381 1242 2459 mit

403 2482 520 2547 harum
540 2483 683 2571 posticis
706 2485 800 2571 apice
822 2486 931 2573 nigro.
975 2508 1021 2552 m.
1046 2487 1071 2556 s.

278 2725 360 2798 Mas
383 2737 523 2797 statura
543 2720 718 2796 breviore
739 2737 851 2824 atque
880 2726 1083 2815 crassiore,
1111 2725 1235 2829 pedibu

201 2860 327 2920 autem
340 2843 625 2945 gracilioribus,
654 2868 789 2917 amare
807 2841 1105 2944 profligatoris,
1131 2875 1163 2920 n.
1177 2848 1235 2920 tot

200 2965 339 3039 differt.
395 2963 552 3038 Femina
585 2975 727 3036 statura
753 2978 793 3038 et
819 2964 1072 3064 proportione
1106 2963 1233 3068 partina

200 3085 372 3172 ditincti,
398 3112 433 3157 n.
455 3090 545 3170 108,
574 3082 639 3156 sed
653 3082 787 3157 aculeo
802 3082 990 3158 breviore.

275 3203 535 3301 longitudoss
552 3201 751 3278 linearum.
800 3205 1006 3278 Antemnae
1019 3197 1231 3303 gracilesfflr·
1252 3228 1277 3299 h

198 3318 338 3399 formes
364 3336 551 3398 curvatae.
606 3323 710 3397 Alae
736 3320 1147 3422 subfumatohyalinae,
1170 3298 1257 3415 stig-i

197 3458 297 3519 mate
318 3443 423 3517 radio
445 3457 484 3517 et
510 3440 707 3542 squamula
735 3440 869 3530 fuscis,
896 3440 1027 3517 radice
1048 3442 1227 3518 straminea
1252 3442 1278 3521 ᾧ.

197 3562 324 3635 areola
354 3559 711 3662 quinqueangulari,
738 3560 994 3663 pyramidata,
1023 3588 1140 3641 nmo
1158 3570 1278 3657 cwig

196 3680 296 3754 riore
311 3680 500 3754 interdum
515 3679 740 3781 gracillima
791 3679 913 3756 Pedes
928 3683 1021 3769 rufi,
1047 3682 1226 3757 trochaice
1254 3732 1278 3759 ..

195 3799 298 3873 ribus
315 3814 353 3874 et
368 3796 489 3886 coxis,
516 3824 586 3873 nec
608 3822 683 3872 non
695 3796 835 3900 pedum
850 3799 1087 3901 poeticorum
1101 3797 1225 3874 tarsiad
1251 3830 1278 3903 3:

192 3919 369 3993 tibiarum
404 3917 528 4019 apice,
568 3918 688 3993 rarius
723 3916 835 3992 etiam
878 3920 1087 4018 geniculis,
1128 3908 1222 4015 nigri&
1275 3986 1279 3993 .

192 4038 392 4116 Addomen
420 4052 612 4137 segmento
644 4047 661 4115 1
693 4036 818 4138 nigra,
851 4041 966 4116 2-6
994 4042 1102 4128 rufis,
1127 4031 1222 4117 fieti
1250 4070 1279 4141 ,Γ
