2564 5078
113 264 165 338 24
536 236 746 329 rurruor

112 444 251 523 verculi
272 456 361 520 ante
380 441 570 546 petiolum
589 439 726 545 nigris3
765 438 910 517 lineola
933 444 1186 521 transversali

111 565 212 641 infra
233 561 439 641 scutellum
457 565 566 641 flava.
624 564 841 641 scutellum
861 562 1014 638 llarum.
1076 567 1189 644 Aloe

111 684 342 773 medioeres,
368 681 563 784 hyalinae,
598 683 775 785 stigmate
787 695 828 758 et
841 681 950 756 radio
968 682 1188 784 piceostm·

108 803 267 893 mineis,
294 802 422 879 radice
435 818 477 880 et
490 801 828 906 squamulallaris,
861 801 990 877 areola
1009 802 1188 907 triangu-

112 924 185 1001 la'ri
212 921 481 1025 subpetiolata.
554 921 680 999 Pedes
705 921 866 1022 graciles
892 920 1187 1017 fulrotestacei3

107 1044 219 1119 coxis
232 1052 273 1119 et
285 1038 723 1128 trocbanteribusflavis,
736 1040 898 1142 posticis
914 1058 1188 1146 suprapuncto

107 1164 241 1266 nigro,
267 1161 409 1267 postici
423 1159 613 1236 femorum
624 1159 706 1234 basi
721 1159 913 1236 intertium
926 1161 1045 1261 nigra,
1072 1163 1187 1239 tibiis

112 1279 416 1359 inanescentibus
444 1278 636 1355 intertium
662 1278 744 1353 basi
772 1278 925 1354 sordide
942 1278 1189 1382 ferrugineo-

111 1403 229 1493 lulva,
243 1401 355 1477 tarsis
368 1397 682 1477 luscescentibus.
722 1396 927 1479 Abdomen
940 1396 1081 1502 eripitis
1094 1398 1189 1477 tho-

110 1523 288 1626 racisque
307 1518 551 1622 longitudine
569 1518 632 1595 vel
658 1518 777 1621 paulo
805 1518 977 1620 longius,
1022 1517 1191 1601 thonos

109 1642 328 1747 angustius,
355 1640 419 1718 vel
435 1638 843 1717 sublinearilusilorme
855 1640 920 1716 vel
933 1638 1083 1742 apicem
1096 1666 1189 1719 reo·

111 1789 177 1840 sus
204 1762 345 1839 sensim
373 1760 638 1848 incrassatum
680 1760 848 1861 nigrum,
898 1776 1187 1863 segmentomm

111 1882 346 1985 marginibus
360 1880 485 1968 flavis,
521 1894 652 1955 ventre
673 1880 772 1954 flavo
788 1879 1099 1983 subnigropicto'3
1124 1881 1189 1960 fe-

110 2002 237 2077 minac
257 2000 461 2101 segmentis
484 2008 508 2081 3
528 2015 569 2079 et
589 1999 835 2102 sequentibus
862 2015 952 2077 ante
971 2003 1187 2102 marginem

111 2119 357 2223 ferrugineis,
399 2133 533 2195 ventre
558 2120 656 2194 flavo
684 2120 913 2222 plerumque
937 2122 1186 2222 prominente

111 2263 349 2340 compress03
377 2253 572 2339 segmento
589 2249 609 2317 1
625 2238 914 2339 lagenaeformi,
948 2264 1015 2315 seu
1028 2238 1187 2341 apicem

109 2382 242 2435 versus
257 2358 398 2434 sensim
411 2358 583 2445 dilatate,
611 2356 877 2449 canaliculato,
893 2358 1107 2435 canalicula
1122 2361 1187 2436 iu-

109 2479 262 2555 tertium
279 2476 471 2566 obsoleta,
511 2474 723 2552 tuberculis
743 2476 967 2555 lateralibus
989 2479 1030 2553 in
1050 2480 1186 2557 medio

110 2599 207 2678 sitis.
261 2599 435 2675 Aculeus
448 2611 619 2671 exsertus
634 2593 890 2672 brevissimus.

188 2719 314 2794 Mares
333 2731 374 2793 et
391 2715 552 2792 lenunas
573 2713 678 2815 cepi,
719 2711 832 2788 initio
859 2713 981 2805 Iunii,
1022 2713 1184 2797 dumeta

109 2836 479 2924 circumvolitantes,
519 2859 641 2936 prope
661 2832 935 2911 Barterodum.
999 2834 1183 2917 Feminae

108 2963 216 3062 cepit
228 2957 339 3058 Klng
352 2981 474 3061 prope
487 2954 711 3033 Berolinum
724 2952 766 3027 in
780 2951 935 3055 pinetis.

311 3180 448 3255 Nola:
590 3260 596 3265 ,

185 3350 289 3426 llaec
310 3347 457 3450 species
478 3358 519 3422 et
537 3346 597 3425 Μ.
619 3350 796 3424 sticticus
814 3354 854 3419 et
867 3345 1082 3422 luteolutor
1095 3372 1183 3424 see·

107 3469 226 3545 tionis
240 3468 394 3556 tertiae,
429 3492 500 3542 nee
520 3490 598 3541 non
618 3470 685 3542 Tr.
707 3465 987 3563 nigrolineotus
1005 3464 1181 3546 familiae

108 3589 313 3677 secundae,
353 3585 489 3661 habitu
509 3600 596 3660 toto
616 3584 797 3671 naturali,
839 3583 1027 3681 imprimis
1048 3588 1180 3688 capite

107 3708 308 3796 crassiore,
334 3705 501 3783 rusoaut
515 3706 632 3794 flavo,
668 3703 793 3780 oculis
814 3702 1027 3808 ocellisque
1042 3706 1175 3811 nigris,

108 3829 259 3931 cognati
273 3842 371 3906 sunt.
971 3836 975 3841 '
