2564 5078
106 256 181 329 39⁰
544 265 729 317 rnoous.

107 436 282 538 stigmate
309 431 416 506 radio
438 431 564 506 radice
584 444 623 506 et
643 426 839 532 squamula
865 423 996 531 nigris.
1046 418 1134 503 Pata

106 553 307 640 rusosulvi3
335 551 439 627 coxis
461 565 500 627 et
519 546 838 637 trochanteribus,
866 570 1036 625 necnon
1050 533 1134 650 posti

107 673 379 760 corumtarsis,
408 669 536 773 nigris

186 793 276 867 Duo
310 789 503 864 individua
535 794 742 890 genuensia
775 813 800 865 a
833 786 1002 893 Spinolu
1026 805 1134 859 mecm

107 910 411 990 communicavit.

309 1220 444 1292 Nota.

186 1386 408 1490 Descriptio
431 1401 686 1465 antennarum
707 1398 747 1461 et
766 1387 847 1461 oris
863 1387 1060 1489 partium,
1085 1404 1134 1457 aut

109 1524 193 1585 tore
207 1509 350 1587 Nesseo
367 1505 416 1584 ab
430 1506 644 1596 Esenbeclt,
670 1503 764 1581 hacc
780 1517 855 1580 est.

186 1632 389 1709 Antennue
407 1643 577 1703 setaceae
591 1639 735 1714 rectae,
762 1620 933 1699 articulis
949 1629 1017 1709 383
1043 1618 1133 1724 prim

110 1764 273 1852 quatuor
295 1763 337 1824 ut
352 1747 391 1825 in
406 1752 451 1825 T.
456 1745 699 1842 flovutorio,
725 1772 761 1822 n.
778 1753 819 1835 3,
844 1741 1006 1845 reliquis
1028 1741 1134 1819 decre

110 1867 302 1956 centibus,
329 1894 351 1942 e
374 1862 831 1968 cylindrico·0bconicis,
859 1860 1010 1939 cunctis
1034 1860 1134 1935 diana

110 2001 172 2061 tro
184 2012 252 2060 sua
266 1985 519 2087 longioribus,
544 1986 735 2074 discretis,
763 1983 898 2086 quinto
910 1980 1134 2085 longissimo

190 2106 360 2208 Clypeus
377 2105 532 2180 omnino
559 2106 683 2208 qualis
705 2105 745 2179 in
758 2101 994 2197 sternutatio.
1022 2099 1134 2179 -ta

111 2223 222 2303 hrum
243 2226 361 2327 magis
383 2239 574 2301 exsertum
597 2225 745 2303 declive
768 2220 1053 2303 semicirculum
1069 2220 1134 2299 citt

110 2359 206 2425 tum.
233 2391 286 2405 -
310 2343 570 2424 Mundibuloe
581 2346 725 2433 breves,
751 2369 885 2447 parum
898 2367 1053 2434 curvae,
1071 2338 1134 2419 lati

111 2452 241 2543 uersus
267 2465 415 2542 modice
443 2466 686 2555 incrassatae,
719 2462 819 2540 facie
844 2461 1028 2541 exteriori
1055 2462 1134 2567 plau

112 2587 352 2687 puuctulata3
380 2585 487 2687 apice
513 2587 670 2674 incisae,
697 2584 874 2684 dentibus
901 2582 1134 2686 inaequalibu

113 2730 252 2806 supero
293 2705 457 2806 longiori
503 2706 784 2792 obtusiusculo,
833 2702 956 2778 insero
1003 2704 1134 2780 brevio:

113 2837 237 2898 acuto,
265 2866 318 2884 --
343 2827 545 2902 Maxilloe
573 2839 615 2902 ut
640 2824 678 2900 in
694 2823 940 2918 stractoria:
983 2823 1134 2901 Articuli

112 2943 235 3019 malae
249 2943 405 3021 inferior
426 2943 631 3019 introrsum
646 2943 769 3018 minus
783 2943 980 3033 dilatatus,
1010 2945 1057 3020 ad
1069 2945 1134 3019 basi

112 3063 192 3141 iere
211 3064 326 3154 liber,
355 3063 599 3164 asuperiori,
629 3079 668 3141 et
687 3062 785 3138 intra
812 3063 992 3152 eundem,
1021 3065 1134 3165 obliqt

112 3184 359 3266 descendens:
387 3183 520 3284 Margo
545 3209 703 3287 superus
729 3183 808 3259 lobi
831 3183 1038 3285 superioris
1060 3182 1134 3288 paul

112 3304 237 3395 latior,
252 3304 341 3381 setis
356 3303 472 3404 nigris
486 3300 616 3404 rigidis
630 3302 792 3380 ciliatus.
821 3348 872 3363 -·-
899 3305 1018 3408 Pulpr'
1033 3308 1134 3381 muni

113 3426 218 3503 lares
238 3440 280 3500 ut
299 3426 337 3500 in
346 3421 589 3519 fluvotori03
615 3424 780 3498 secundo
803 3424 983 3515 articula,
1012 3424 1134 3501 oblatu

116 3544 288 3647 superius
308 3545 348 3619 in
368 3545 546 3645 angulum
566 3558 817 3633 contractum,
848 3570 868 3619 c
891 3543 1013 3621 forma
1032 3540 1134 3620 securi

115 3667 229 3741 dacca
243 3664 283 3741 in
296 3664 564 3765 triangularem
580 3665 753 3740 abeunte.
774 3705 826 3724 -
853 3663 1037 3743 Ludinm:
1060 3665 1134 3743 Mn

116 3803 198 3865 tum
224 3784 332 3862 utin
349 3784 588 3880 flavctorio:
628 3787 780 3885 Lingua
808 3801 996 3861 structura
1023 3782 1132 3860 eatan

116 3906 180 3983 sed
201 3931 330 4008 margo
353 3904 497 3982 anticus
520 3932 651 4008 parurn
663 3920 827 3994 retusus,
857 3906 936 3982 fere
951 3921 1050 3983 recta
1063 3919 1132 3976 uun

114 4043 238 4120 catus,
265 4027 410 4132 glaber,
437 4042 476 4105 et
497 4027 576 4104 lobi
599 4029 773 4105 laterales
789 4029 998 4121 rotundat-i,
1025 4023 1134 4103 interr«
