2564 5078
108 277 183 351 190
535 284 747 340 ΗΠΒ-01(

106 457 263 546 collum,
275 452 497 556 lineolaque
509 466 722 529 transversa
735 448 834 527 inira
848 450 1063 545 scutellum,

106 577 331 655 stramineis.
384 575 600 651 Scutellum
617 573 786 675 margine
806 571 947 676 apicali
965 588 1007 650 et
1024 600 1064 678 pr

106 702 147 775 in
168 697 316 799 angulis
334 697 467 771 baseos
488 693 783 770 substramineis.
836 696 944 772 Alae
959 694 1064 770 me&

108 815 516 919 sublumatohyalinae,
550 814 726 914 stigmate
750 828 792 888 et
817 815 1064 914 squamulau

107 941 213 1017 radio
226 953 266 1015 et
279 936 406 1011 radice
418 932 766 1034 fuscolerrugineia.
821 932 946 1011 Pedes
962 951 1064 1013 anter

107 1057 345 1163 graciliores,
372 1052 707 1155 fulvolerruginei,
732 1053 838 1128 coxis
859 1067 900 1130 et
918 1055 1064 1132 trocbar

107 1182 177 1255 bus
199 1204 271 1254 nec
291 1201 367 1251 non
387 1173 575 1250 femorum
595 1172 809 1249 mediorum
835 1172 917 1249 basi
938 1176 1057 1279 nigris

108 1299 194 1376 stici
224 1297 416 1398 longiores
447 1309 487 1385 et
511 1292 732 1382 validiores,
765 1293 838 1369 toti
864 1292 977 1398 nigri.
1038 1323 1064 1376 ,a

110 1445 192 1495 men
215 1417 362 1505 sessile,
390 1414 454 1491 vix
472 1413 599 1516 capite
616 1413 850 1514 thoraceque
870 1416 988 1516 paulo
1009 1416 1064 1493 lor

107 1537 273 1615 thoracis
299 1537 520 1625 latitudine,
554 1532 893 1636 oblongoovatum,
923 1537 1064 1612 subtilis

107 1672 309 1761 punctum3
336 1671 531 1758 segmento
561 1663 580 1733 1
610 1653 850 1755 longitudine
876 1656 995 1757 paulo
1023 1655 1064 1730 la¹

106 1777 263 1853 fasciola
289 1776 440 1852 laterali
466 1772 664 1874 marginali
684 1773 858 1850 obsoleta
882 1775 1064 1851 substram

107 1895 339 1997 marginibus
353 1910 632 1996 segmentorum
646 1893 802 1971 summis
823 1894 1064 1972 substramina

184 2015 352 2094 Unicum
363 2041 505 2091 marem
519 2022 758 2094 austriorum
771 2014 884 2094 Datl
900 2015 1064 2093 transmit

519 2321 758 2399 Varietas:

192 2504 224 2572 1.
253 2489 420 2570 Pedibus
431 2497 663 2582 stramineis,
683 2497 796 2569 coxis
811 2506 850 2567 et
865 2491 1064 2570 trocbontr

98 2617 252 2716 sasaim
276 2619 436 2716 posticis
457 2619 574 2688 etiarn
601 2611 707 2689 tibiis
735 2621 928 2717 tersisque
940 2615 1064 2715 fuscia

108 2773 163 2789 --
187 2732 357 2808 Statura
384 2731 578 2832 gracilior,
614 2731 778 2834 indeque
808 2750 1045 2833 segmentum

111 2850 276 2950 gastius,
311 2878 423 2952 quam
457 2851 496 2924 in
523 2877 625 2927 mare
657 2852 834 2952 genuino.
869 2894 922 2907 -
954 2853 1064 2950 Long

112 2978 136 3046 8
152 2969 348 3044 linearum.
391 2975 520 3071 Caput
535 2971 671 3072 palpis‚
692 2970 827 3045 orbitis
842 2969 1044 3046 oculorum
1058 2970 1064 3043 i

113 3087 170 3160 nis
186 3104 231 3162 et
250 3103 357 3192 parte
376 3090 501 3164 media
531 3106 788 3177 externarum,
816 3088 1041 3166 stramineis.

111 3222 248 3284 tonnae
265 3210 428 3286 articulo
446 3219 465 3287 1
483 3210 614 3284 subtus
635 3208 964 3309 fuscoferrugineo
988 3211 1064 3308 (art.

111 3329 270 3432 reliquis
294 3330 591 3429 deficientibus).
654 3331 824 3406 Thorax
850 3331 1005 3432 punctis
1031 3329 1064 3401 dr

112 3449 295 3524 obsoletis
317 3466 404 3525 aute
428 3450 571 3524 collum
595 3464 633 3524 et
653 3449 797 3525 lineola
819 3450 889 3524 sub
905 3448 1064 3524 scutella

111 3567 258 3642 mincis.
313 3573 529 3647 Scutellum
555 3568 663 3668 apice
693 3568 908 3644 straminea.
963 3573 1064 3647 Alae

111 3687 308 3788 byalinae3
335 3691 509 3792 stigmate
530 3688 636 3763 radio
657 3702 698 3762 et
718 3688 914 3790 squamula
935 3688 1064 3791 fusco}

111 3808 239 3882 radice
271 3813 483 3887 straminea.
554 3807 757 3887 Abdomen
789 3807 915 3909 capite
947 3808 1064 3885 thora«

112 3927 229 4030 paulo
244 3927 406 4031 longius,
432 3929 598 4006 thoracis
614 3929 828 4017 latitudine,
856 3928 1064 4032 oblongum

111 4048 200 4138 sile,
228 4049 430 4141 senceum
457 4064 652 4155 segmento
682 4059 701 4129 1
731 4048 880 4154 apicem
907 4074 1039 4126 versus
