2564 5078
124 298 199 373 308
256 396 261 403 Ι
453 340 457 345 -
557 310 764 363 ausaausa

122 474 270 555 ultimis
292 472 484 571 interdum
508 472 830 583 susceseentibus,
862 468 988 581 regius
1008 456 1125 549 emnil

122 594 497 674 dorsufuscescente.
524 639 579 655 —
604 594 765 671 Caetera
778 588 867 669 cum
878 586 1124 695 iffividuisp

121 718 228 793 rimis
245 717 386 819 speciei
401 717 589 818 genuinae
602 727 830 817 congruunt.

199 838 304 913 Haec
327 837 488 913 varietas
506 835 588 912 fere
614 860 735 939 aeque
761 832 921 935 copiose
938 831 1125 935 repetitur

122 956 269 1060 species
290 955 465 1058 genuina.
519 956 646 1032 Mares
665 952 876 1031 etieminas
890 952 978 1055 cepi
993 951 1125 1055 ubique

121 1078 289 1165 Silesia,
314 1100 385 1149 nec
413 1100 490 1150 non
516 1075 617 1151 circa
638 1074 888 1174 Gottingam,
913 1072 1125 1151 Barteroda

120 1195 317 1286 Oedelem,
345 1208 385 1269 et
410 1193 450 1269 in
474 1194 696 1300 Hercynia,
722 1193 915 1270 mensibus
935 1191 1125 1293 Maji-s·

118 1315 290 1405 tembris,
312 1313 517 1417 praecipue
531 1316 571 1390 in
585 1313 814 1403 umbellatis,
841 1311 1039 1389 sedetiam
1053 1312 1125 1414 ing

108 1432 223 1510 ¹mine
245 1449 285 1509 et
301 1434 505 1509 fruticetis.
559 1436 643 1511 Alia
663 1431 875 1522 individua,
902 1431 1005 1507 cinca
1029 1432 1125 1510 Nies¹

119 1555 266 1634 Halam
298 1555 526 1642 Saxonum,
566 1554 859 1640 Hannoueram,
902 1550 1125 1630 Vindobona

119 1675 325 1763 Parmam,
352 1672 548 1763 Genuam,
574 1701 646 1750 nec
660 1698 738 1749 non
752 1671 791 1746 in
806 1671 958 1760 Gallia,
986 1672 1033 1749 V
1027 1670 1125 1777 olley

119 1808 159 1871 et
172 1797 345 1885 Tauria,
371 1809 499 1896 capta,
526 1820 676 1871 mecum
690 1790 968 1869 communicata
982 1807 1085 1868 sunt.

194 2042 231 2112 2.
260 2034 381 2112 Facie
400 2046 487 2111 totu
500 2030 637 2130 flaua,
663 2038 867 2135 segmentis
887 2034 1041 2111 ultimis
1058 2040 1125 2135 πίει

117 2176 168 2230 m.
190 2150 218 2227 f.
252 2194 306 2209 -
337 2153 560 2253 Longituda
591 2153 674 2230 fere
707 2151 891 2233 s-fere
923 2155 949 2230 6
984 2152 1125 2231 lineari

117 2276 249 2377 Caput
262 2288 396 2349 exacte
410 2273 584 2350 varietati
602 2282 622 2352 1
636 2273 854 2375 respondet.
883 2271 1010 2351 Pedes
1023 2288 1125 2351 antu

114 2418 175 2468 res
190 2392 287 2469 fulvi
301 2407 368 2467 aut
379 2392 597 2470 flavicantes
619 2391 827 2471 femoribus
839 2390 975 2484 fulvis,
1003 2394 1125 2471 coxis

115 2512 191 2615 gris
213 2513 344 2589 subtus
365 2511 647 2605 flavicantibus3
681 2510 821 2619 postici
842 2510 948 2587 coxis
967 2527 1011 2588 et
1032 2514 1125 2591 femi

114 2634 185 2709 bus
211 2633 346 2735 nigris,
373 2631 677 2709 trochanteaibus
706 2632 965 2722 dilutesulvis,
993 2632 1125 2711 intenii

115 2779 228 2854 supra
251 2766 395 2854 puncto
420 2751 546 2854 nigro,
573 2753 680 2829 tibiis
697 2752 804 2828 flavis
822 2766 890 2828 aut
902 2752 1125 2831 rufescentii

113 2872 224 2972 apice
240 2870 348 2973 nigro
365 2887 432 2946 aut
445 2872 564 2962 fusca,
587 2874 698 2949 tarsis
711 2872 1015 2949 fuscescentibus
1028 2872 1125 2952 seui

113 2989 280 3090 ragineis
303 2990 412 3092 apice
432 2992 530 3067 ruse.
587 2991 788 3069 Abdamen
812 2994 1125 3094 segment01nig

112 3109 221 3210 apice
237 3125 302 3184 aut
317 3136 465 3185 summo
482 3111 649 3213 margine
662 3110 766 3200 rui03
792 3118 909 3189 e—4
924 3114 1035 3202 rufis,
1062 3123 1088 3190 2
1103 3140 1125 3187 u

111 3229 163 3303 ris
183 3228 371 3305 interdum
400 3232 558 3307 maculis
581 3228 745 3319 duabus,
773 3229 874 3304 haud
900 3257 986 3306 raro
1017 3232 1125 3307 coalit

111 3346 244 3448 nigris3
272 3350 395 3427 truso
410 3368 475 3427 aut
491 3352 617 3452 nigro,
645 3365 710 3424 aut
728 3351 910 3425 lateribus
925 3351 1057 3429 basive
1070 3350 1125 3427 rui

110 3466 274 3567 6nigr0,
300 3467 490 3545 interdum
510 3470 591 3544 basi
615 3487 680 3544 aut
700 3470 883 3547 lateribus
902 3474 1014 3560 rufis3
1042 3482 1125 3551 ise!

103 3610 179 3685 per
190 3586 310 3688 nigro.
338 3632 392 3647 -
418 3590 575 3667 Caetera
598 3591 698 3666 sicut
718 3591 758 3665 in
779 3591 985 3668 individuis
1002 3591 1125 3693 pluriu

108 3705 296 3804 genuinis.

183 3822 308 3902 Mares
334 3840 373 3901 et
393 3825 552 3906 feminas
582 3830 722 3934 passim
750 3831 790 3906 in
816 3832 982 3923 Silesia,
1009 3856 1076 3907 nec
1094 3848 1125 3902 nt

107 3938 207 4016 circa
223 3944 452 4047 Gottingam
464 3964 504 4023 et
519 3951 795 4039 Barterodam,
808 3952 1002 4029 mensibus
1016 3946 1125 4048 Maji·

106 4064 280 4163 Augusti,
315 4066 353 4141 in
389 4068 606 4146 {imbellatis
639 4070 828 4147 fruticetis
857 4086 898 4146 et
928 4072 968 4149 in
992 4063 1125 4174 gremia*
