2564 5078
109 256 184 331 160
538 266 746 323 rnrruott

107 436 274 538 margine
285 433 451 527 laterali,
478 447 704 537 ventreque,
732 432 948 537 albidieeut
961 434 1069 512 ulboi

106 559 278 634 Aculeus
299 564 469 630 ex'sertus
488 551 734 629 brevissimus
753 551 914 629 albidus.

113 768 117 779 Ι
184 674 359 758 Feminae
374 674 467 749 duas
482 675 567 775 cepi
581 675 643 751 die
657 683 707 753 21
724 671 819 772 Maji
842 672 883 749 in
895 677 1001 753 eollo
1018 675 1069 753 G<

105 805 234 898 gensi5
259 794 442 898 quaedam
456 793 553 871 aliae
569 793 671 870 circa
688 790 976 884 Wurmbrunn,'
999 795 1069 873 Sic

106 917 271 1005 hausen,
298 913 594 1015 Norimbergom
612 926 653 989 et
669 910 826 990 Aboom
846 928 997 1017 cnptue,
1025 943 1069 990 m<

108 1035 407 1110 communicatae
423 1048 520 1110 sunt.
554 1031 915 1109 Warmbrunnensis
929 1049 989 1109 est
1002 1059 1069 1110 om

108 1154 286 1245 maxima,
312 1152 667 1258 tibiisquepostieis
684 1152 792 1257 apice
806 1153 915 1257 nigro
929 1152 1069 1257 insigni

413 1410 678 1513 synonyma
710 1409 865 1485 dubio:

109 1562 217 1641 Iolen.
238 1568 490 1642 litteratoriae
509 1562 617 1637 Linn.
640 1562 769 1636 Fauna
792 1590 829 1638 n.
855 1564 966 1645 1594.
993 1607 1047 1622 -

112 1684 117 1695 “
284 1684 371 1758 ΧΗ.
392 1708 430 1786 p.
446 1691 539 1771 932,
567 1710 603 1756 n.
624 1688 682 1760 17.

115 1794 118 1799 ’
159 1858 182 1892 ,,
234 1802 491 1880 Multprodr.
507 1832 543 1878 n.
564 1810 674 1880 1780.

115 1934 119 1942 ’
159 1977 182 2010 ,,
236 1922 362 2000 Gmel.
380 1922 438 1999 ed.
454 1923 564 1998 Linn.
582 1947 618 2025 p.
631 1928 757 2011 2681,
784 1950 821 1998 n.
841 1928 900 2001 17.

158 2074 182 2132 ·,,
235 2043 378 2118 Villers
398 2070 441 2146 p..
456 2050 546 2131 146,
574 2072 609 2116 n.
629 2044 678 2122 35
700 2042 787 2141 (uhi
807 2059 934 2118 entem
956 2042 1069 2119 obser

112 2158 117 2167 ’
286 2162 432 2262 adjectu
453 2162 613 2237 delenda
634 2177 710 2253 est,
739 2189 824 2236 num
844 2161 1069 2239 Ichneumor

286 2307 363 2384 quo
384 2297 517 2357 auctor
535 2283 574 2357 in
603 2279 673 2356 hac
700 2283 964 2359 observatione
988 2283 1069 2389 loqr

262 2460 265 2464 -
285 2418 391 2479 certo
404 2403 451 2476 ed
464 2400 560 2476 hanc
575 2402 739 2502 speciem
760 2403 861 2480 haud
874 2407 1056 2506 spectat).

160 2580 182 2612 ,‚
236 2522 366 2599 Christ
392 2549 430 2627 p.
462 2531 537 2602 343
567 2521 651 2618 (ubi
682 2538 807 2599 autem
832 2524 947 2598 verba
968 2525 1068 2599 Linn

112 2642 115 2648 ’
286 2649 465 2720 incisuris
484 2658 654 2745 quotuor
682 2651 854 2743 margine
878 2645 1004 2722 medio
1031 2647 1069 2723 lir

286 2764 412 2850 luteo,
446 2759 546 2837 haud
574 2777 677 2837 recte
706 2763 830 2838 verbis
859 2767 908 2840 oie
937 2766 1069 2841 tietmi

282 2885 393 2977 &iuge
425 2883 492 2976 smb
527 2887 597 2978 geth
637 2882 677 2956 in
716 2883 883 2986 linguam
920 2910 1069 2986 german

285 2999 465 3074 translatu
482 3003 601 3100 sunt).

162 3176 183 3207 ,,
239 3119 387 3195 Olivier
406 3149 443 3225 p.
462 3129 535 3200 173
550 3150 586 3196 n.
603 3124 665 3200 45.

311 3396 446 3470 Nota:

189 3549 356 3624 Linneus
370 3564 410 3623 et
423 3548 563 3649 reliqui
585 3565 757 3624 auctores
771 3547 894 3636 citati,
923 3549 989 3650 qui
1006 3550 1069 3625 des

111 3667 255 3743 tionem
276 3669 505 3745 Linneanam
526 3669 753 3745 verbotenus
769 3685 1013 3770 receperunt,
1041 3670 1069 3743 d:

111 3789 281 3888 quidem,
316 3805 507 3890 segmenta
537 3806 699 3890 quatuor
726 3790 892 3889 margine
919 3790 1047 3864 medio

112 3934 211 3997 esse,
239 3910 449 4009 quodcum
472 3926 596 3985 nostra
620 3912 746 4015 specie
765 3907 865 3984 haud
884 3909 1062 3985 convenit

111 4029 237 4103 omniu
266 4045 456 4132 tegmenta
483 4032 649 4133 margine
682 4030 1069 4108 albidoilavonotutur
