<?xml version="1.0" encoding="UTF-8"?>
<!DOCTYPE html PUBLIC "-//W3C//DTD XHTML 1.0 Transitional//EN"
    "http://www.w3.org/TR/xhtml1/DTD/xhtml1-transitional.dtd">
<html xmlns="http://www.w3.org/1999/xhtml" xml:lang="en" lang="en">
 <head>
  <title>
</title>
<meta http-equiv="Content-Type" content="text/html;charset=utf-8" />
  <meta name='ocr-system' content='tesseract 3.04.00' />
  <meta name='ocr-capabilities' content='ocr_page ocr_carea ocr_par ocr_line ocrx_word'/>
</head>
<body>
  <div class='ocr_page' id='page_1' title='image "./ichneumonologia00gravgoog_0168.png"; bbox 0 0 2744 5084; ppageno 0'>
   <div class='ocr_carea' id='block_1_1' title="bbox 435 614 1164 697">
    <p class='ocr_par' dir='ltr' id='par_1_1' title="bbox 435 614 1164 697">
     <span class='ocr_line' id='line_1_1' title="bbox 435 614 1164 697; baseline 0.025 -18"><span class='ocrx_word' id='word_1_1' title='bbox 435 628 535 683; x_wconf 64' lang='grc' dir='ltr'><strong>ιιι.</strong></span> <span class='ocrx_word' id='word_1_2' title='bbox 563 614 615 696; x_wconf 88' lang='lat'>11,</span> <span class='ocrx_word' id='word_1_3' title='bbox 648 630 764 681; x_wconf 79' lang='lat' dir='ltr'>sucu.</span> <span class='ocrx_word' id='word_1_4' title='bbox 796 637 833 684; x_wconf 87' lang='lat' dir='ltr'>u.</span> <span class='ocrx_word' id='word_1_5' title='bbox 1072 620 1164 697; x_wconf 78' lang='lat' dir='ltr'>-rot</span> 
     </span>
    </p>
   </div>
   <div class='ocr_carea' id='block_1_2' title="bbox 388 1229 875 1307">
    <p class='ocr_par' dir='ltr' id='par_1_2' title="bbox 388 1229 875 1307">
     <span class='ocr_line' id='line_1_2' title="bbox 388 1229 875 1307; baseline 0.004 -4"><span class='ocrx_word' id='word_1_6' title='bbox 388 1229 748 1307; x_wconf 74' lang='lat' dir='ltr'>sucula</span> <span class='ocrx_word' id='word_1_7' title='bbox 817 1232 875 1305; x_wconf 88' lang='lat'>11.</span> 
     </span>
    </p>
   </div>
   <div class='ocr_carea' id='block_1_3' title="bbox 301 1551 1165 1753">
    <p class='ocr_par' dir='ltr' id='par_1_3' title="bbox 301 1551 1165 1753">
     <span class='ocr_line' id='line_1_3' title="bbox 307 1551 1165 1655; baseline 0.006 -24"><span class='ocrx_word' id='word_1_8' title='bbox 307 1556 451 1632; x_wconf 62' lang='lat' dir='ltr'>semaa</span> <span class='ocrx_word' id='word_1_9' title='bbox 461 1566 712 1653; x_wconf 56' lang='lat' dir='ltr'>mammam</span> <span class='ocrx_word' id='word_1_10' title='bbox 731 1551 965 1631; x_wconf 63' lang='grc' dir='ltr'>αιιοῐηιιιωιι</span> <span class='ocrx_word' id='word_1_11' title='bbox 980 1580 1046 1633; x_wconf 72' lang='lat' dir='ltr'>mo</span> <span class='ocrx_word' id='word_1_12' title='bbox 1061 1573 1165 1655; x_wconf 58' lang='lat' dir='ltr'>nigra</span> 
     </span>
     <span class='ocr_line' id='line_1_4' title="bbox 301 1670 1067 1753; baseline 0.004 -21"><span class='ocrx_word' id='word_1_13' title='bbox 301 1673 358 1733; x_wconf 70' lang='lat' dir='ltr'>nel</span> <span class='ocrx_word' id='word_1_14' title='bbox 368 1685 607 1753; x_wconf 77' lang='lat' dir='ltr'>segmentorum</span> <span class='ocrx_word' id='word_1_15' title='bbox 616 1671 816 1753; x_wconf 76' lang='lat' dir='ltr'>margr&#39;tubus</span> <span class='ocrx_word' id='word_1_16' title='bbox 828 1670 1067 1753; x_wconf 66' lang='lat' dir='ltr'>patratarum.</span> 
     </span>
    </p>
   </div>
   <div class='ocr_carea' id='block_1_4' title="bbox 132 1890 1267 2477">
    <p class='ocr_par' dir='ltr' id='par_1_4' title="bbox 132 1890 1267 2477">
     <span class='ocr_line' id='line_1_5' title="bbox 176 1890 1267 1996; baseline 0 -25"><span class='ocrx_word' id='word_1_17' title='bbox 176 1892 395 1971; x_wconf 80' lang='lat' dir='ltr'>Scotellum</span> <span class='ocrx_word' id='word_1_18' title='bbox 413 1892 639 1996; x_wconf 89' lang='lat' dir='ltr'>plerumque</span> <span class='ocrx_word' id='word_1_19' title='bbox 663 1892 726 1970; x_wconf 84' lang='lat' dir='ltr'>vel</span> <span class='ocrx_word' id='word_1_20' title='bbox 751 1905 878 1969; x_wconf 89' lang='lat' dir='ltr'>totum</span> <span class='ocrx_word' id='word_1_21' title='bbox 904 1890 1073 1971; x_wconf 80' lang='lat' dir='ltr'><strong>albidum</strong></span> <span class='ocrx_word' id='word_1_22' title='bbox 1099 1908 1166 1971; x_wconf 84' lang='lat' dir='ltr'>aut</span> <span class='ocrx_word' id='word_1_23' title='bbox 1263 1924 1267 1931; x_wconf 94' lang='lat'>·</span> 
     </span>
     <span class='ocr_line' id='line_1_6' title="bbox 132 2010 1166 2114; baseline 0.005 -27"><span class='ocrx_word' id='word_1_24' title='bbox 132 2010 240 2089; x_wconf 75' lang='lat' dir='ltr'>buum</span> <span class='ocrx_word' id='word_1_25' title='bbox 268 2029 344 2103; x_wconf 84' lang='lat' dir='ltr'>eat,</span> <span class='ocrx_word' id='word_1_26' title='bbox 378 2013 441 2088; x_wconf 82' lang='lat' dir='ltr'>rel</span> <span class='ocrx_word' id='word_1_27' title='bbox 467 2013 616 2089; x_wconf 85' lang='lat' dir='ltr'>macula</span> <span class='ocrx_word' id='word_1_28' title='bbox 642 2013 768 2089; x_wconf 80' lang='lat' dir='ltr'><strong>albida</strong></span> <span class='ocrx_word' id='word_1_29' title='bbox 795 2027 862 2087; x_wconf 85' lang='lat' dir='ltr'>aut</span> <span class='ocrx_word' id='word_1_30' title='bbox 885 2011 998 2103; x_wconf 83' lang='lat' dir='ltr'>flava,</span> <span class='ocrx_word' id='word_1_31' title='bbox 1021 2013 1166 2114; x_wconf 80' lang='lat' dir='ltr'>majore</span> 
     </span>
     <span class='ocr_line' id='line_1_7' title="bbox 132 2131 1164 2234; baseline 0.005 -27"><span class='ocrx_word' id='word_1_32' title='bbox 132 2134 312 2222; x_wconf 81' lang='lat' dir='ltr'>uiuoreve,</span> <span class='ocrx_word' id='word_1_33' title='bbox 332 2148 522 2221; x_wconf 69' lang='lat' dir='ltr'>notatum</span> <span class='ocrx_word' id='word_1_34' title='bbox 550 2133 672 2211; x_wconf 84' lang='lat' dir='ltr'>rarius</span> <span class='ocrx_word' id='word_1_35' title='bbox 687 2133 837 2234; x_wconf 83' lang='lat' dir='ltr'>nigrum</span> <span class='ocrx_word' id='word_1_36' title='bbox 851 2131 962 2232; x_wconf 86' lang='lat' dir='ltr'>apice</span> <span class='ocrx_word' id='word_1_37' title='bbox 974 2131 1061 2209; x_wconf 83' lang='lat' dir='ltr'>rufo</span> <span class='ocrx_word' id='word_1_38' title='bbox 1074 2136 1164 2233; x_wconf 99' lang='grc' dir='ltr'><strong>(Τι’.</strong></span> 
     </span>
     <span class='ocr_line' id='line_1_8' title="bbox 132 2249 1166 2353; baseline 0.002 -22"><span class='ocrx_word' id='word_1_39' title='bbox 132 2256 353 2331; x_wconf 80' lang='lat' dir='ltr'>uelanoleuci</span> <span class='ocrx_word' id='word_1_40' title='bbox 368 2252 569 2353; x_wconf 80' lang='lat' dir='ltr'>feminae),</span> <span class='ocrx_word' id='word_1_41' title='bbox 591 2249 665 2333; x_wconf 86' lang='lat' dir='ltr'>boc</span> <span class='ocrx_word' id='word_1_42' title='bbox 681 2252 869 2329; x_wconf 88' lang='lat' dir='ltr'>interdum</span> <span class='ocrx_word' id='word_1_43' title='bbox 883 2250 1166 2333; x_wconf 79' lang='lat' dir='ltr'>obsoletissimo</span> 
     </span>
     <span class='ocr_line' id='line_1_9' title="bbox 132 2371 1166 2477; baseline 0.002 -30"><span class='ocrx_word' id='word_1_44' title='bbox 132 2372 331 2477; x_wconf 62' lang='lat' dir='ltr'>Tryphoni</span> <span class='ocrx_word' id='word_1_45' title='bbox 342 2373 664 2474; x_wconf 72' lang='lat' dir='ltr'>nigritarso).&#39;-</span> <span class='ocrx_word' id='word_1_46' title='bbox 681 2371 884 2451; x_wconf 82' lang='lat' dir='ltr'>Abdomen</span> <span class='ocrx_word' id='word_1_47' title='bbox 897 2371 1029 2473; x_wconf 80' lang='lat' dir='ltr'>paucis</span> <span class='ocrx_word' id='word_1_48' title='bbox 1042 2388 1166 2451; x_wconf 85' lang='lat' dir='ltr'>totum</span> 
     </span>
    </p>
   </div>
   <div class='ocr_carea' id='block_1_5' title="bbox 132 2491 1169 3913">
    <p class='ocr_par' dir='ltr' id='par_1_5' title="bbox 132 2491 1169 3555">
     <span class='ocr_line' id='line_1_10' title="bbox 132 2491 1167 2594; baseline 0.001 -24"><span class='ocrx_word' id='word_1_49' title='bbox 132 2515 253 2592; x_wconf 68' lang='lat' dir='ltr'>ugrum</span> <span class='ocrx_word' id='word_1_50' title='bbox 285 2508 363 2582; x_wconf 80' lang='lat' dir='ltr'>est,</span> <span class='ocrx_word' id='word_1_51' title='bbox 403 2491 578 2593; x_wconf 79' lang='lat' dir='ltr'>plurimis</span> <span class='ocrx_word' id='word_1_52' title='bbox 619 2508 898 2594; x_wconf 80' lang='lat' dir='ltr'>segmentorum</span> <span class='ocrx_word' id='word_1_53' title='bbox 935 2491 1167 2594; x_wconf 80' lang='lat' dir='ltr'>marginibus</span> 
     </span>
     <span class='ocr_line' id='line_1_11' title="bbox 132 2610 1167 2716; baseline -0.005 -23"><span class='ocrx_word' id='word_1_54' title='bbox 132 2610 319 2693; x_wconf 66' lang='lat' dir='ltr'>bitiurtius</span> <span class='ocrx_word' id='word_1_55' title='bbox 341 2627 407 2687; x_wconf 87' lang='lat' dir='ltr'>aut</span> <span class='ocrx_word' id='word_1_56' title='bbox 435 2611 646 2689; x_wconf 81' lang='lat' dir='ltr'>obsoletius</span> <span class='ocrx_word' id='word_1_57' title='bbox 667 2611 839 2713; x_wconf 87' lang='lat' dir='ltr'>pallidis;</span> <span class='ocrx_word' id='word_1_58' title='bbox 867 2610 1058 2688; x_wconf 85' lang='lat' dir='ltr'>interdum</span> <span class='ocrx_word' id='word_1_59' title='bbox 1084 2640 1167 2716; x_wconf 82' lang='lat' dir='ltr'><strong>seg·</strong></span> 
     </span>
     <span class='ocr_line' id='line_1_12' title="bbox 132 2731 1168 2830; baseline 0.004 -23"><span class='ocrx_word' id='word_1_60' title='bbox 132 2748 232 2807; x_wconf 78' lang='lat' dir='ltr'>uento</span> <span class='ocrx_word' id='word_1_61' title='bbox 260 2756 340 2808; x_wconf 91' lang='lat' dir='ltr'>uno</span> <span class='ocrx_word' id='word_1_62' title='bbox 367 2732 537 2809; x_wconf 82' lang='lat' dir='ltr'>alterove</span> <span class='ocrx_word' id='word_1_63' title='bbox 564 2732 645 2808; x_wconf 80' lang='lat' dir='ltr'>fere</span> <span class='ocrx_word' id='word_1_64' title='bbox 672 2747 755 2806; x_wconf 94' lang='lat' dir='ltr'>toto</span> <span class='ocrx_word' id='word_1_65' title='bbox 782 2731 896 2805; x_wconf 87' lang='lat' dir='ltr'>badio</span> <span class='ocrx_word' id='word_1_66' title='bbox 922 2733 1018 2830; x_wconf 89' lang='grc' dir='ltr'><strong>(Τι.</strong></span> <span class='ocrx_word' id='word_1_67' title='bbox 1047 2737 1168 2811; x_wconf 80' lang='lat' dir='ltr'>aulici</span> 
     </span>
     <span class='ocr_line' id='line_1_13' title="bbox 132 2850 1167 2952; baseline 0 -26"><span class='ocrx_word' id='word_1_68' title='bbox 132 2853 233 2950; x_wconf 65' lang='lat' dir='ltr'>ui),</span> <span class='ocrx_word' id='word_1_69' title='bbox 259 2869 328 2929; x_wconf 83' lang='lat' dir='ltr'>aut</span> <span class='ocrx_word' id='word_1_70' title='bbox 340 2853 454 2928; x_wconf 87' lang='lat' dir='ltr'>dorso</span> <span class='ocrx_word' id='word_1_71' title='bbox 467 2853 566 2928; x_wconf 78' lang='lat' dir='ltr'>flavo</span> <span class='ocrx_word' id='word_1_72' title='bbox 585 2852 673 2952; x_wconf 84' lang='lat' dir='ltr'>(Tr.</span> <span class='ocrx_word' id='word_1_73' title='bbox 689 2851 991 2952; x_wconf 81' lang='lat' dir='ltr'>marginatorio)</span> <span class='ocrx_word' id='word_1_74' title='bbox 1014 2850 1075 2925; x_wconf 84' lang='lat' dir='ltr'>vel</span> <span class='ocrx_word' id='word_1_75' title='bbox 1089 2850 1167 2926; x_wconf 81' lang='lat' dir='ltr'>sul-</span> 
     </span>
     <span class='ocr_line' id='line_1_14' title="bbox 134 2970 1167 3074; baseline -0.003 -25"><span class='ocrx_word' id='word_1_76' title='bbox 134 2990 280 3049; x_wconf 69' lang='lat' dir='ltr'>monte</span> <span class='ocrx_word' id='word_1_77' title='bbox 295 2974 386 3073; x_wconf 84' lang='lat' dir='ltr'>(Tr.</span> <span class='ocrx_word' id='word_1_78' title='bbox 389 2975 565 3074; x_wconf 81' lang='lat' dir='ltr'>formosi</span> <span class='ocrx_word' id='word_1_79' title='bbox 579 2971 712 3070; x_wconf 87' lang='lat' dir='ltr'>mari),</span> <span class='ocrx_word' id='word_1_80' title='bbox 737 2987 804 3048; x_wconf 88' lang='lat' dir='ltr'>aut</span> <span class='ocrx_word' id='word_1_81' title='bbox 815 2971 1026 3049; x_wconf 72' lang='lat' dir='ltr'>abdominis</span> <span class='ocrx_word' id='word_1_82' title='bbox 1040 2970 1167 3046; x_wconf 86' lang='lat' dir='ltr'>medio</span> 
     </span>
     <span class='ocr_line' id='line_1_15' title="bbox 132 3086 1168 3195; baseline 0.002 -30"><span class='ocrx_word' id='word_1_83' title='bbox 132 3086 195 3165; x_wconf 77' lang='lat' dir='ltr'>uro</span> <span class='ocrx_word' id='word_1_84' title='bbox 211 3097 298 3192; x_wconf 89' lang='grc' dir='ltr'><strong>(Τι.</strong></span> <span class='ocrx_word' id='word_1_85' title='bbox 321 3094 577 3169; x_wconf 78' lang='lat' dir='ltr'>armillatorii</span> <span class='ocrx_word' id='word_1_86' title='bbox 594 3091 808 3194; x_wconf 81' lang='lat' dir='ltr'>varietati),</span> <span class='ocrx_word' id='word_1_87' title='bbox 835 3118 911 3195; x_wconf 93' lang='lat' dir='ltr'>quo</span> <span class='ocrx_word' id='word_1_88' title='bbox 932 3093 1026 3168; x_wconf 83' lang='lat' dir='ltr'>baec</span> <span class='ocrx_word' id='word_1_89' title='bbox 1047 3092 1168 3169; x_wconf 82' lang='lat' dir='ltr'>sertio</span> 
     </span>
     <span class='ocr_line' id='line_1_16' title="bbox 132 3209 1168 3301; baseline 0.001 -13"><span class='ocrx_word' id='word_1_90' title='bbox 132 3213 312 3288; x_wconf 84' lang='lat' dir='ltr'>utertiam</span> <span class='ocrx_word' id='word_1_91' title='bbox 332 3209 483 3286; x_wconf 84' lang='lat' dir='ltr'>transit.</span> <span class='ocrx_word' id='word_1_92' title='bbox 508 3251 563 3270; x_wconf 92' lang='lat'><em>-</em></span> <span class='ocrx_word' id='word_1_93' title='bbox 585 3210 799 3289; x_wconf 79' lang='lat' dir='ltr'>Varietates</span> <span class='ocrx_word' id='word_1_94' title='bbox 821 3216 888 3291; x_wconf 84' lang='lat' dir='ltr'>Tr.</span> <span class='ocrx_word' id='word_1_95' title='bbox 901 3215 1168 3301; x_wconf 80' lang='lat' dir='ltr'>armillatorr’i,</span> 
     </span>
     <span class='ocr_line' id='line_1_17' title="bbox 132 3331 1169 3435; baseline -0.005 -23"><span class='ocrx_word' id='word_1_96' title='bbox 132 3335 225 3412; x_wconf 67' lang='lat' dir='ltr'>utica·</span> <span class='ocrx_word' id='word_1_97' title='bbox 242 3348 285 3411; x_wconf 85' lang='lat' dir='ltr'>et</span> <span class='ocrx_word' id='word_1_98' title='bbox 304 3333 488 3430; x_wconf 80' lang='lat' dir='ltr'>caligati,</span> <span class='ocrx_word' id='word_1_99' title='bbox 513 3333 677 3408; x_wconf 77' lang='lat' dir='ltr'>scutello</span> <span class='ocrx_word' id='word_1_100' title='bbox 703 3348 787 3408; x_wconf 89' lang='lat' dir='ltr'>toto</span> <span class='ocrx_word' id='word_1_101' title='bbox 806 3331 935 3435; x_wconf 84' lang='lat' dir='ltr'>nigro,</span> <span class='ocrx_word' id='word_1_102' title='bbox 962 3331 1009 3408; x_wconf 84' lang='lat' dir='ltr'>ad</span> <span class='ocrx_word' id='word_1_103' title='bbox 1030 3333 1169 3409; x_wconf 84' lang='lat' dir='ltr'>sectio-</span> 
     </span>
     <span class='ocr_line' id='line_1_18' title="bbox 132 3453 565 3555; baseline -0.005 -26"><span class='ocrx_word' id='word_1_104' title='bbox 132 3479 190 3529; x_wconf 89' lang='lat' dir='ltr'>em</span> <span class='ocrx_word' id='word_1_105' title='bbox 204 3453 368 3555; x_wconf 88' lang='lat' dir='ltr'>primam</span> <span class='ocrx_word' id='word_1_106' title='bbox 383 3466 565 3554; x_wconf 86' lang='lat' dir='ltr'>spectant.</span> 
     </span>
    </p>

    <p class='ocr_par' dir='ltr' id='par_1_6' title="bbox 132 3570 1169 3913">
     <span class='ocr_line' id='line_1_19' title="bbox 179 3570 1168 3674; baseline 0.002 -28"><span class='ocrx_word' id='word_1_107' title='bbox 179 3571 213 3646; x_wconf 88' lang='lat' dir='ltr'><strong>E</strong></span> <span class='ocrx_word' id='word_1_108' title='bbox 238 3577 410 3648; x_wconf 79' lang='lat' dir='ltr'>sectione</span> <span class='ocrx_word' id='word_1_109' title='bbox 432 3578 562 3674; x_wconf 79' lang='lat' dir='ltr'>prima</span> <span class='ocrx_word' id='word_1_110' title='bbox 592 3570 793 3649; x_wconf 80' lang='lat' dir='ltr'>varietates</span> <span class='ocrx_word' id='word_1_111' title='bbox 819 3576 886 3651; x_wconf 82' lang='lat' dir='ltr'>Tr.</span> <span class='ocrx_word' id='word_1_112' title='bbox 914 3587 1168 3674; x_wconf 66' lang='lat' dir='ltr'>narratorum,</span> 
     </span>
     <span class='ocr_line' id='line_1_20' title="bbox 132 3691 1169 3798; baseline -0.003 -28"><span class='ocrx_word' id='word_1_113' title='bbox 132 3694 274 3770; x_wconf 74' lang='lat' dir='ltr'>talaris</span> <span class='ocrx_word' id='word_1_114' title='bbox 301 3706 344 3766; x_wconf 88' lang='lat' dir='ltr'>et</span> <span class='ocrx_word' id='word_1_115' title='bbox 370 3698 510 3782; x_wconf 81' lang='lat' dir='ltr'>naevii,</span> <span class='ocrx_word' id='word_1_116' title='bbox 537 3692 712 3770; x_wconf 77' lang='lat' dir='ltr'>rantello·</span> <span class='ocrx_word' id='word_1_117' title='bbox 730 3693 839 3798; x_wconf 83' lang='lat' dir='ltr'>apice</span> <span class='ocrx_word' id='word_1_118' title='bbox 864 3691 970 3783; x_wconf 91' lang='lat' dir='ltr'>albo,</span> <span class='ocrx_word' id='word_1_119' title='bbox 998 3692 1045 3767; x_wconf 85' lang='lat' dir='ltr'>ad</span> <span class='ocrx_word' id='word_1_120' title='bbox 1071 3691 1169 3769; x_wconf 81' lang='lat' dir='ltr'>bano</span> 
     </span>
     <span class='ocr_line' id='line_1_21' title="bbox 132 3809 475 3913; baseline 0 -27"><span class='ocrx_word' id='word_1_121' title='bbox 132 3811 265 3913; x_wconf 83' lang='lat' dir='ltr'>ropius</span> <span class='ocrx_word' id='word_1_122' title='bbox 281 3809 475 3886; x_wconf 82' lang='lat' dir='ltr'>accedunt.</span> 
     </span>
    </p>
   </div>
   <div class='ocr_carea' id='block_1_6' title="bbox 477 4154 814 4166">
    <p class='ocr_par' dir='ltr' id='par_1_7' title="bbox 477 4154 814 4166">
     <span class='ocr_line' id='line_1_22' title="bbox 477 4154 814 4166; baseline -0.006 -1"><span class='ocrx_word' id='word_1_123' title='bbox 477 4154 814 4166; x_wconf 55' lang='lat' dir='ltr'>Wu-</span> 
     </span>
    </p>
   </div>
   <div class='ocr_carea' id='block_1_7' title="bbox 0 0 1379 5084">
    <p class='ocr_par' dir='ltr' id='par_1_8' title="bbox 0 0 1379 5084">
     <span class='ocr_line' id='line_1_23' title="bbox 0 0 1379 5084; baseline 0 0"><span class='ocrx_word' id='word_1_124' title='bbox 0 0 1379 5084; x_wconf 95' lang='lat' dir='ltr'> </span> 
     </span>
    </p>
   </div>
  </div>
 </body>
</html>
