2564 5078
107 250 185 327 504
548 268 747 327 eburnos
780 296 783 301 -

108 432 258 523 macula
277 429 443 522 laciali,
470 433 629 536 figurem
645 437 697 519 ,V
720 432 955 524 exhibente,
988 431 1149 517 intentu

107 534 175 630 rel
198 544 284 628 cum
311 551 445 627 orbitis
473 555 672 630 oculorum
693 556 929 644 confluente,
957 550 1153 631 velincom·

108 675 212 775 pleta
240 699 307 748 seu
335 671 374 747 in
405 689 546 772 puncta
572 674 648 748 duo
683 674 887 764 dissoluta,
928 671 1153 747 elbidofluis.

110 796 314 871 Antennae
359 790 438 866 lere
478 793 650 894 corporis
690 793 949 899 longitudine,
997 807 1156 876 setoceae,

6 994 11 1003 ,
108 922 320 1015 porrectae,
363 910 525 988 articulo
566 921 586 988 1
624 911 758 989 subtus
798 913 941 988 slbido.
1010 911 1160 989 Thorax

110 1032 264 1133 gibbus3
292 1047 437 1132 puncto
464 1031 533 1106 sub
560 1031 643 1120 alis,
671 1033 892 1135 lineolsque
918 1033 989 1107 sub
1016 1031 1162 1107 scutello

110 1151 263 1240 albido,
296 1151 415 1226 ssavis.
478 1150 695 1231 Scutellum
728 1151 837 1254 apice
870 1152 1013 1228 slbido,
1076 1154 1166 1229 Alae

108 1269 305 1371 hyalinae,
340 1269 516 1373 stigmate
548 1285 588 1346 et
614 1271 721 1346 radio
751 1270 889 1362 fuscis,
922 1269 1053 1348 radice
1084 1287 1167 1347 stn·

108 1389 249 1481 mines,
291 1390 488 1492 squamula
522 1389 586 1464 vel
615 1403 698 1464 tota
732 1387 839 1467 lusca
877 1391 941 1468 vel
976 1390 1167 1467 straminea

107 1509 256 1585 macula
288 1509 411 1598 lusca,
454 1507 580 1587 areola
620 1507 964 1611 quinqueangulsri
996 1509 1169 1612 subpyrs·

108 1630 261 1705 mislata.
318 1629 442 1708 Pedes
473 1626 661 1729 elongati3
694 1629 811 1704 antici
838 1628 954 1719 fulvi,
987 1631 1094 1705 coxis
1121 1631 1170 1704 ui·

109 1748 185 1851 gris
211 1750 439 1853 plerumque
467 1748 598 1824 subtus
619 1749 769 1824 macule
789 1749 916 1825 albida
942 1765 1010 1824 sut
1036 1752 1170 1827 subtes-

108 1883 231 1957 taces,
273 1867 579 1946 trochsnteribus
609 1868 671 1944 vel
704 1869 797 1944 totis
825 1869 943 1971 nigris
970 1886 1039 1946 aut
1065 1870 1170 1947 luscis

109 1988 172 2063 vel
195 1987 328 2066 subtus
360 1985 624 2081 subtestsccis,
657 1987 865 2065 femoribus
892 1988 1084 2066 interdurn
1115 2016 1170 2066 ex·

108 2119 216 2182 terne
244 2104 543 2184 lassescentibus
575 2124 642 2184 aut
678 2108 813 2212 nigris3
852 2108 969 2185 medii
1008 2111 1114 2185 coxis
1138 2124 1170 2184 et

109 2225 413 2304 trochsnterihus
435 2227 568 2329 nigris,
596 2227 656 2303 his
677 2229 905 2330 plerumque
926 2226 1039 2331 epioe
1060 2230 1169 2319 fulto,

109 2346 316 2422 femoribus
351 2348 431 2423 basi
459 2347 576 2448 nigris
606 2362 672 2423 aut
704 2347 820 2425 fuscis
853 2348 964 2450 spice
990 2350 1169 2437 testaceis,

108 2454 224 2542 tibiis
240 2468 435 2557 testaceis,
462 2467 574 2542 tarsis
600 2466 1054 2561 luscescenti-testsceis,
1090 2466 1170 2544 arti·

110 2588 212 2663 culis
234 2597 259 2667 5
285 2601 323 2662 et
349 2595 373 2668 4
396 2586 663 2693 pallidioribus
693 2587 885 2663 interdum
919 2587 1077 2679 albidis,
1111 2616 1170 2663 un·

111 2707 247 2808 guibus
267 2705 402 2794 fuscis;
428 2706 568 2808 postici
602 2705 719 2810 nigri,
753 2708 981 2810 plerumque
1007 2708 1168 2810 genubus

112 2842 151 2903 et
179 2852 322 2902 summa
341 2825 421 2900 basi
442 2824 629 2901 femorum
644 2826 886 2928 ferrugineis,
915 2828 1039 2905 rarius
1059 2830 1170 2906 semo·

109 2946 214 3023 ribus
235 2946 280 3020 ab
303 2945 411 3045 apice
432 2945 478 3019 ad
499 2948 667 3022 medium
689 2973 808 3049 usque
837 2962 876 3022 et
895 2947 1080 3027 tibiarum
1097 2946 1168 3025 basi

109 3067 217 3156 rufis,
245 3082 432 3141 tarsorunr
456 3065 628 3141 articulis
649 3072 777 3145 s-4
796 3066 908 3155 totis,
942 3069 967 3146 5
987 3069 1091 3157 basi,
1122 3066 1170 3144 sl·

108 3185 178 3260 bis.
233 3184 436 3264 Abdomen
450 3184 658 3287 oblongum
672 3210 738 3260 seu
757 3184 1092 3285 oblongoovstum,
1116 3212 1167 3262 cs·

108 3303 190 3404 pite
208 3304 441 3407 thoraceque
455 3305 571 3404 paulo
584 3303 735 3405 longius
756 3305 950 3406 pauloque
966 3307 1167 3410 angustius

109 3440 302 3522 segmento
334 3433 352 3502 1
385 3423 484 3499 laevi
515 3425 624 3526 nigro
658 3422 882 3512 sublinesri,
918 3439 1030 3524 parte
1059 3426 1168 3501 antica

107 3542 310 3618 latitudine
332 3543 448 3645 paulo
469 3543 659 3645 longiore,
680 3543 871 3644 pauloque
887 3542 1026 3622 latiore
1048 3562 1086 3621 st
1099 3548 1169 3622 fere

108 3660 267 3736 dimidio
294 3662 468 3737 breviore
482 3689 595 3763 quam
608 3662 794 3766 petiolus,
823 3662 932 3764 apice
951 3665 1170 3779 plerumque,

107 3796 299 3868 castane03
326 3779 485 3880 reliquis
506 3783 614 3872 rufis,
642 3792 668 3861 2
689 3798 815 3858 tamen
830 3808 943 3886 saepe
959 3782 1042 3859 basi
1058 3784 1167 3885 nign'.

184 3900 313 3979 Plures
334 3900 408 4001 legi
432 3900 623 3977 mensibus
645 3902 885 4002 blojo-Iulio
912 3902 1056 4006 passim
1078 3904 1167 3980 circs

109 4022 390 4101 Vrotislurium
406 4021 445 4097 in
457 4020 644 4100 fruticetis
662 4037 700 4100 ct
716 4023 754 4100 in
770 4022 957 4127 gramine3
986 4023 1166 4110 nonnulli,
