2564 5078
110 288 187 364 408
275 341 277 345 ,
538 300 737 354 cursous

109 466 274 548 lobium
287 464 402 544 breve
416 478 597 542 corutum
618 463 891 565 cylindricum,
916 463 1058 567 spicer

101 586 455 676 membranaceum,
483 583 728 661 rotundatum
742 583 944 686 integrum.
972 627 1025 643 -

185 833 224 905 2.
252 823 406 925 Scopoli
427 838 466 901 et
478 821 588 898 Rossi
608 802 799 900 terebrum
813 820 1058 925 descripserui

109 943 209 1045 ginis
238 941 469 1031 breviorem3
503 941 543 1017 in
570 940 710 1017 nostris
743 956 872 1019 autem
904 941 1058 1046 specimi

109 1064 258 1141 terebra
272 1062 511 1165 longitudine
526 1060 745 1162 vaginarum
760 1073 830 1137 est.

188 1310 225 1381 3.
260 1301 441 1403 Scopolio
474 1298 590 1403 hujus
623 1298 768 1403 speciei
794 1324 917 1376 mores
942 1314 984 1376 et
1010 1299 1058 1377 fer

107 1419 318 1524 prodibant
336 1448 357 1497 e
375 1419 468 1498 nido
486 1418 652 1522 Sporgis
668 1416 876 1523 mirificis,
897 1445 977 1523 quo
995 1419 1058 1495 ind

109 1555 242 1617 auctor
267 1540 544 1641 suspicabatur,
577 1536 680 1613 hunc
707 1538 894 1642 Sphegem
919 1554 960 1615 et
986 1540 1058 1642 Gry

108 1673 281 1736 nostrum
300 1659 347 1733 od
369 1684 481 1734 unam
499 1659 735 1759 eandemque
754 1658 922 1761 speciem
937 1658 1058 1760 redigo

109 1776 296 1881 Sphcgcm
322 1804 459 1880 nempe
482 1802 640 1868 marem,
675 1777 811 1881 Crypti
843 1778 966 1853 nostri
993 1778 1058 1855 feu

108 1894 224 1998 hujus
244 1895 423 1974 feminum
441 1921 540 1987 esse,
568 1896 707 2001 quibus
723 1922 744 1971 a
758 1910 893 1970 nutura
905 1897 1058 1973 tertium

109 2014 267 2091 viduum
283 2030 460 2090 neutrum
483 2016 580 2113 (mas
601 2016 722 2092 nostri
738 2014 895 2116 Crypti)
914 2040 1054 2092 consor

109 2133 170 2224 sit,
185 2133 282 2209 utin
296 2133 429 2235 apibus
444 2148 483 2210 et
494 2135 677 2212 formicis.
703 2177 758 2193 -
782 2135 892 2211 Patet
905 2150 1044 2226 autem,

110 2252 246 2355 Crypti
276 2253 398 2328 larvas
421 2253 461 2330 in
487 2255 601 2331 larvis
629 2252 788 2356 Sphegis
815 2253 995 2355 spirificis
1016 2255 1058 2330 de

108 2370 246 2447 deiude
260 2396 349 2448 vcro
365 2371 406 2446 iu
419 2371 508 2447 nido
522 2373 680 2475 Sphegis
696 2373 781 2473 ipso
793 2371 1049 2449 mutationem

110 2503 255 2566 sectum
272 2491 503 2566 declaratum
523 2491 694 2568 subiisse.

186 2734 222 2806 4.
257 2726 443 2829 Sphegem
475 2728 634 2804 citatum
667 2728 837 2830 Scopolii
865 2729 1058 2826 (morem

111 2843 267 2944 Crypti)
293 2847 400 2920 Rossi
434 2848 481 2921 ud
514 2846 622 2923 Iclru.
650 2844 951 2940 circumflexum
984 2850 1058 2924 adh

111 2962 258 3039 sedhic
277 2964 524 3042 Rossiilclur.
545 2964 825 3060 circumflexus
845 2993 916 3041 nec
936 2968 984 3042 ad
1004 2996 1056 3044 uo

111 3085 315 3184 Cryptum,
343 3110 413 3159 neo
438 3084 485 3158 ud
507 3084 719 3186 Ophionem
740 3084 1041 3179 circumflexum

111 3203 286 3304 quadrat,
314 3203 521 3303 potiusque
541 3228 627 3278 cum
640 3220 771 3280 nostro
790 3204 900 3280 Ichn.
924 3209 1058 3309 iussae

110 3347 148 3394 u.
166 3327 257 3410 140,
283 3346 396 3423 quem
410 3321 584 3398 conferre
597 3321 711 3410 vclis,
739 3321 921 3424 conjungi
943 3325 1059 3402 debet

187 3440 295 3516 Iclur
315 3440 557 3519 seductorius
574 3457 614 3517 et
640 3443 748 3520 Ichn.
769 3443 954 3522 seductor
979 3447 1058 3550 (Cr

109 3556 294 3635 seductor
313 3560 343 3632 F
345 3560 421 3634 ubr.
442 3588 488 3637 cx
508 3561 698 3660 America)
718 3560 868 3639 Thuub.
887 3563 992 3640 Ichu.
1015 3592 1051 3639 u.

116 3682 205 3763 161,
234 3675 400 3755 huonon
421 3695 602 3783 spectant.
