2564 5078
112 261 186 335 122
541 268 749 324 rnrruon

109 445 218 521 tbunr
237 454 278 518 et
297 429 542 517 bissonotom
554 435 767 528 bicornem,
790 437 841 513 ob
853 435 1021 514 stantem
1034 459 1113 517 aar!

108 578 204 649 tam3
225 557 383 635 caeteris
397 573 525 633 autem
535 555 630 633 baec
642 570 684 635 et
697 555 759 633 illi
769 552 862 633 'satis
875 555 1102 661 discrepant.

109 685 279 783 Ipsarum
305 678 549 780 Pimplorum
574 683 828 777 genuinumne
855 675 1025 756 familiae
1045 702 1113 755 sex

108 825 229 875 mares
264 796 435 933 quidam,
469 793 670 871 abdomine
702 793 851 898 apicem
876 820 1009 874 tersus
1034 804 1113 873 sent

108 892 303 1007 crassiore,
331 915 506 992 incisuris
520 928 560 991 et
574 912 886 1016 impressionibus
898 941 1026 993 minus
1039 915 1113 991 dist

108 1038 199 1128 ctis,
232 1035 434 1138 minusque
467 1033 684 1136 profundis,
718 1051 913 1136 segmento
938 1034 1113 1139 primot

108 1158 216 1261 giore
236 1171 276 1233 et
294 1153 402 1230 basin
415 1178 544 1235 versus
557 1152 695 1231 sensim
707 1168 925 1256 angustato,
952 1180 986 1231 e.
1001 1181 1038 1257 g.
1054 1178 1113 1231 ma

108 1278 287 1380 Pimplea
317 1277 571 1363 tunionelloe,
603 1272 813 1354 arctissime
846 1273 1046 1351 nonnullis
1076 1274 1113 1349 ¹1¹.

109 1395 281 1498 phonum
294 1393 460 1471 maribus
475 1391 676 1469 abdomine
690 1393 897 1484 subsessili,
921 1420 954 1470 e.
970 1419 1007 1495 g.
1023 1396 1113 1499 Τιῃ

109 1532 372 1618 capracorum,
397 1512 626 1615 junguntur,
653 1510 708 1588 ita
727 1529 771 1588 ut
789 1512 933 1589 limites
952 1513 1056 1589 iuter
1075 1512 1113 1601 in·

109 1635 223 1711 vidua
236 1630 402 1709 mascula
416 1629 666 1734 Tryphonum
684 1647 724 1708 et
737 1633 968 1735 Pimplarum
982 1630 1113 1709 collata

110 1768 191 1842 tur3
217 1751 382 1828 feminae
403 1767 530 1833 autem
550 1750 685 1828 aculeo
700 1751 894 1827 differunt.
920 1794 976 1814 -ι-
1000 1746 1113 1855 'lb-pfl

111 1899 178 1951 nes
198 1888 392 1975 segmento
411 1871 537 1974 primo
557 1871 768 1972 aequilato,
795 1871 943 1973 petiolo
962 1869 1113 1949 brevi!

110 1992 322 2068 tuberculis
342 1991 562 2068 lateralibus
585 1991 685 2066 ultra
699 1990 866 2067 medium
882 1988 1113 2093 segmentisl

111 2112 238 2189 areola
263 2111 480 2200 deliciante,
509 2110 640 2212 quales
669 2127 757 2186 sunt
786 2116 854 2188 Tr.
876 2114 1113 2193 armillatot'l

100 2235 327 2336 formosus,
350 2232 538 2318 scalaris,
562 2234 846 2322 sexliturotus,
867 2231 1113 2334 speciebusnt¹

111 2351 229 2427 nullis
243 2352 453 2426 Bassorum
475 2348 724 2448 respondents
749 2352 894 2425 Horum
910 2351 1058 2453 species
1071 2372 1113 2427 nc

111 2495 177 2572 pe,
203 2467 343 2570 quibus
363 2467 562 2543 tubercula
586 2465 657 2541 ista
678 2467 779 2544 inter
807 2469 973 2545 medium
1003 2487 1044 2547 et
1067 2470 1113 2545 bn¹

110 2587 295 2723 segmenti
310 2587 383 2662 sita
397 2602 501 2676 suut,
528 2613 563 2662 v.
579 2613 612 2663 c.
630 2590 775 2665 Bassus
788 2591 994 2666 eaesultons
1013 2604 1113 2693 etpn

111 2707 245 2813 primis
263 2707 306 2781 Β.
318 2708 519 2806 graculus,
545 2706 608 2780 cui
625 2725 859 2809 segmentum
873 2709 1039 2809 primum
1051 2709 1113 2811 ips

111 2823 221 2903 basin
233 2849 364 2903 versus
379 2823 518 2899 sensim
532 2842 770 2926 angustatum
782 2843 856 2916 est,
884 2828 963 2902 illis
978 2824 1113 2931 special

111 2944 365 3047 Tryphonum
378 2943 473 3019 adeo
488 2944 803 3050 adpropinquant,
832 2962 874 3020 ut
889 2946 1031 3023 limites
1046 2944 1113 3021 cml

110 3093 196 3141 rum
210 3063 462 3166 subgenerum
476 3065 631 3142 omniuo
645 3068 862 3154 deleantur,
890 3066 1008 3167 idque
1028 3090 1077 3142 eo
1095 3090 1113 3139 n

111 3186 186 3287 gis,
213 3210 301 3259 cum
321 3183 467 3287 species
488 3185 673 3286 allegatae
691 3185 886 3262 amborum
901 3183 1016 3258 etiam
1031 3184 1113 3259 habi

111 3306 259 3394 colore,
287 3320 327 3381 et
352 3304 584 3406 reliquarum
613 3306 776 3406 partium
802 3305 922 3379 lorma
951 3320 1066 3407 atque
1085 3331 1113 3405 p·

114 3425 308 3526 portione,
336 3424 557 3499 affinitatem
573 3424 744 3498 intimam
764 3424 1017 3499 manifestent.
1072 3426 1113 3498 Τι

112 3545 215 3648 pbon
237 3552 379 3621 incisus
396 3558 520 3617 antam
542 3568 662 3645 prope
678 3545 824 3620 accedit
837 3544 883 3618 ad
899 3544 1063 3621 Bassum
1080 3572 1113 3618 m

112 3669 333 3752 ticolorcm,
360 3662 559 3763 segmentis
578 3667 696 3741 a-t
708 3663 808 3740 linea
823 3663 1064 3738 transversali
1080 3663 1113 3736 in

113 3784 175 3858 sis.
198 3826 251 3840 -
272 3783 459 3885 Tryphon
476 3807 616 3870 tronus,
642 3781 692 3856 ob
707 3785 870 3861 areolam
886 3784 1113 3885 quinqueanp

112 3905 229 3979 larem
263 3917 303 3977 et
336 3902 558 4004 parvitatem
593 3902 781 4002 corporis,
815 3902 861 3975 ad
893 3902 1113 3980 Orlbocentt

115 4036 271 4126 spectat.
305 4021 537 4125 -Species
572 4020 682 4096 unica
715 4025 936 4111 Reseratis,
978 4047 1113 4123 segmei
