2564 5078
108 299 185 369 660
254 320 260 331 ·
539 290 735 352 cnrrru's

107 448 259 578 Niesky
283 469 404 572 oepit3
431 441 640 569 unamque,
667 442 871 541 monimum
891 442 1055 551 scilieet,
1079 462 1142 537 Bes·

105 610 206 674 's'ere
222 593 264 670 V
261 590 422 697 oldynia
437 584 656 685 transmisit.

116 868 119 873 -
505 812 781 913 S-ynonymar

110 953 217 1032 chn.
240 977 377 1030 curvus
396 948 561 1026 Schrank
582 947 695 1023 Boica
716 973 751 1021 n.
768 951 889 1036 20873
917 943 1017 1020 cirea
1029 942 1141 1045 Eggen·

323 1068 461 1151 selden.

312 1292 447 1364 Nota:

158 1477 161 1483 -
187 1424 381 1503 lenaeum.
396 1451 534 1505 curvus
552 1424 666 1503 Moll.
682 1423 810 1529 prodr.
826 1451 864 1503 n.
884 1423 984 1506 1850
1005 1420 1138 1497 formati

110 1545 242 1637 colore
260 1544 357 1631 satis,
370 1544 513 1625 differt.

188 1664 354 1740 Sehrank
366 1667 393 1742 l.
411 1691 444 1741 c.
461 1679 589 1768 putat,
617 1662 715 1740 hano
729 1664 897 1767 speciem
919 1661 1046 1740 forsan
1063 1655 1139 1736 feni·

111 1810 198 1861 nam
217 1804 299 1862 esse
317 1786 587 1863 Ichneumonis
601 1785 811 1875 delusoria,
837 1809 954 1887 quem
969 1808 1039 1885 ego
1051 1795 1141 1856 anon

112 1905 161 1980 ad
182 1907 441 2009 Mesoleptum
467 1907 703 1997 delusorem,
740 1905 856 2006 longe
889 1903 1144 2006 discrepantem·
1179 1932 1187 1973 ι

111 2022 281 2101 adhibui.
335 2029 381 2101 In
409 2026 705 2104 Enumeratione
737 2028 975 2100 Insectorum
1008 2019 1145 2100 Antan

112 2142 293 2223 Sedrank
314 2144 611 2224 Ichneumonem
638 2154 689 2226 66
716 2142 931 2248 Geoffroye‘
956 2169 1043 2220 cnm
1067 2140 1148 2221 Jctn

114 2263 292 2345 delatore
325 2267 460 2342 Linnei
491 2266 707 2368 conjunxit,
744 2280 784 2340 et
820 2265 864 2343 V
861 2267 970 2347 illers
1001 2290 1080 2341 nee·
1094 2284 1150 2337 noo

112 2385 303 2463 Latrer‘lle
340 2384 437 2460 hanc
474 2386 785 2488 conjunctionem
817 2384 1151 2486 comprobavemntt

112 2523 218 2583 recte
250 2521 375 2580 autem
409 2508 556 2584 Olioier
595 2505 644 2581 de
676 2504 876 2580 identitate
909 2499 1151 2581 Ichneumonis

114 2626 364 2727 Geoffroyani
388 2643 427 2701 et
442 2625 626 2705 Linneani
640 2626 806 2713 dubitat,
835 2651 921 2698 nam
941 2626 1051 2704 lehn.
1071 2625 1152 2703 detn-

111 2754 194 2825 sori
207 2748 315 2822 Lina.
331 2747 434 2821 solae
449 2746 613 2849 patellae
633 2745 840 2846 (geniculi)
857 2744 1045 2820 femorum
1059 2738 1153 2848 posti·

113 2890 244 2942 corum
259 2868 387 2968 nigrae
401 2882 499 2956 sunt,
513 2870 540 2942 Ι
539 2867 621 2944 clm.
631 2864 905 2970 Geoffroyano
922 2882 1049 2943 autem
1063 2863 1153 2969 pedat

113 2987 318 3063 anteriores
346 2986 419 3061 toti
445 2988 519 3061 rufi
547 3001 651 3075 sunt,
679 2986 818 3091 postici
845 2986 1055 3064 femoribus
1074 2981 1151 3065 rufis

112 3108 222 3183 tarsis
238 3107 422 3209 tibiisque
437 3106 564 3208 nigris.

190 3232 392 3316 Ponamus,
418 3253 560 3303 marem
581 3227 902 3329 Phygodeuontis
930 3235 1039 3304 curvi
1059 3214 1149 3300 nostri

112 3361 291 3422 antennas
321 3365 420 3422 totas
446 3351 569 3448 nigras
599 3346 756 3432 habere,
789 3347 917 3420 forsan
945 3347 1150 3422 lehneunn

111 3467 284 3541 laudatus
327 3469 527 3569 Geoffroyi
568 3467 827 3562 (Ichneumon
869 3466 1151 3544 troctantertcns

112 3586 339 3686 Fourcnoyi,
368 3589 525 3666 delusor
539 3586 699 3662 Olivieri
716 3604 755 3661 et
770 3586 1075 3684 Walckenaerii)
1093 3605 1150 3656 mr·

110 3730 190 3778 rem
205 3712 313 3780 curvi
324 3706 504 3783 exhibere
519 3721 659 3807 posset,
676 3706 769 3780 lieet
782 3705 1025 3806 longitudine
1038 3706 1097 3795 572
1116 3698 1149 3771 fi·

112 3849 265 3899 nearum
287 3824 340 3921 (v.
359 3826 653 3928 descriptionem
669 3825 988 3926 Geoffroyanom)
1002 3853 1024 3900 a
1036 3820 1147 3900 femin

109 3944 358 4046 discreparet3
394 3948 459 4022 sed
485 3945 678 4024 ledaeum.
709 3943 867 4022 delusor
899 3948 1010 4021 Linn.
1043 3939 1145 4039 (cujus

109 4062 403 4170 descriptionem
418 4066 449 4142 F
451 4064 627 4155 abricius,
650 4065 818 4156 Gmelin,
834 4065 979 4143 Miller
992 4081 1031 4142 et
1042 4056 1146 4138 Christ
