2564 5078
116 306 165 378 68
442 388 446 396 Ι
544 301 762 372 rnrauor'tl
796 338 799 343 ·
875 326 878 333 *

191 484 298 566 lehn.
321 481 472 586 Tipdoe
489 481 631 560 Villera
654 509 691 586 p.
711 485 785 565 166
803 511 839 560 ιι.
856 489 908 564 62
926 482 1029 562 haud
1048 486 1094 564 ad

116 621 229 683 atram
243 603 408 708 speciem
422 617 586 706 spectem
613 602 706 680 licet
719 603 820 680 enim
832 617 967 680 auctor
978 604 1094 709 diagn

116 724 399 805 Geoffroianam
412 721 613 824 receperit,
634 722 841 825 descriptio
854 722 998 825 speciei
1012 739 1093 800 atta

114 846 245 923 multis
265 841 365 920 notis
385 840 433 916 ab
454 839 713 918 Ichneumoue
740 840 895 918 laudato
920 843 1094 922 Gaoffroi

113 981 279 1043 anostra
292 959 698 1063 Mesoleptodisccdit.
997 991 1000 996 ¹

191 1085 335 1160 Forsan
354 1095 482 1156 autem
503 1080 737 1160 ichneumon
759 1082 928 1162 lacteolus
946 1080 1094 1161 Gmelir

114 1203 223 1279 Lina.
252 1229 292 1306 p.
317 1208 435 1291 2708,
463 1227 500 1276 n.
524 1201 599 1280 851
626 1197 753 1299 (haud
779 1226 867 1275 cum
893 1201 1005 1280 lolam
1033 1205 1094 1283 lut

114 1322 286 1425 ejusdem
312 1318 479 1395 auctoris
507 1343 545 1420 p.
569 1325 674 1398 2706
700 1344 738 1401 n·
761 1327 839 1398 838
864 1318 1094 1399 contundam

113 1441 191 1518 huc
213 1439 347 1516 referri
369 1453 516 1540 posset,
542 1437 609 1514 sed
630 1435 743 1514 verba
758 1437 950 1514 Gmelini:
976 1438 1094 1522 addon

113 1565 232 1648 luteo,
241 1556 327 1636 bosi
338 1564 543 1660 segmentis
558 1555 683 1638 tribus
695 1565 900 1660 postremis
911 1558 1030 1640 dorso
1043 1570 1094 1665 nn

112 1680 271 1757 obscura
295 1693 392 1755 sunt.

408 1971 462 2040 4ο.
505 1964 552 2031 Μ.
577 1962 884 2033 LEPTOCERUS.

315 2133 503 2201 Abdomine
522 2133 680 2221 elongato
703 2131 798 2210 ruso,
826 2134 920 2223 apice
938 2133 1057 2223 nigro;
1080 2157 1094 2225 p

314 2236 376 2301 bus
392 2233 488 2315 rufis,
513 2234 603 2301 tibiis
621 2237 759 2324 posticis
774 2233 988 2322 apiccsusco;
1011 2240 1094 2305 coxit

314 2334 510 2419 carioribus,
533 2349 658 2424 puncto
670 2336 757 2401 inira
770 2331 836 2401 alas
844 2381 854 2419 ‚
878 2357 1002 2424 oreque
1015 2337 1094 2406 flavi

187 2527 355 2604 Statura
380 2541 419 2602 et
440 2524 638 2628 proportio
658 2525 821 2627 partium
844 2524 1008 2605 feminae
1034 2555 1094 2632 spe

111 2645 385 2734 antecedentis,
414 2645 479 2722 sed
507 2644 634 2720 areola
663 2644 771 2720 nulla
795 2659 836 2720 et
862 2648 1036 2724 antennis
1056 2674 1094 2751 gr

110 2763 283 2840 lioribus.

187 2882 411 2984 longitudo
430 2884 495 2977 472
523 2881 721 2958 linearum.
778 2885 910 2987 Caput
929 2885 1070 2988 clypeo
1089 2917 1094 2955 ι

110 3027 184 3102 que
200 3001 323 3092 flavis,
345 3001 573 3077 mandibulis
588 3001 696 3103 apice
712 3001 832 3102 nigro.
873 3004 1094 3100 Antennne÷

109 3121 214 3209 siles,
236 3121 345 3223 apice
361 3135 546 3210 curvatae,
575 3120 815 3220 longitudine
829 3122 1012 3224 corporis,
1034 3123 1093 3199 fus

108 3239 271 3314 articulo
288 3249 307 3318 1
325 3239 457 3315 subtus
475 3239 584 3315 flavo.
619 3239 788 3314 Thorax
803 3257 948 3341 puncto
963 3241 1063 3317 flavo
1079 3241 1090 3315 i

108 3358 199 3433 alas.
254 3361 357 3437 Aloe
377 3356 787 3458 subfumatohyalinae,
816 3358 991 3461 stigmate
1011 3375 1051 3437 et
1066 3386 1094 3435 rt

108 3477 241 3567 fuscis,
269 3477 397 3553 radice
413 3493 452 3554 et
467 3477 664 3580 squamula
677 3477 796 3553 flavis.
853 3478 977 3558 Pedes
989 3481 1079 3570 rufi,

107 3598 266 3674 teriones
306 3597 411 3672 coxis
452 3613 492 3672 et
529 3595 833 3672 trochanteribus
867 3597 993 3689 flavis3
1035 3624 1094 3702 pos

108 3716 234 3805 tarsis,
261 3712 441 3790 tibiarum
470 3715 596 3819 apice,
624 3715 814 3791 interdum
843 3715 956 3792 etiam
984 3718 1094 3795 semor

107 3859 254 3911 summo
274 3837 400 3937 apice,
430 3834 556 3912 fuscis.
611 3833 812 3914 Addomen
833 3834 977 3927 rufum,
1003 3836 1084 3913 basi

106 3956 192 4031 tioli
209 3955 487 4057 segmentisque
508 3960 625 4035 5-7
647 3953 774 4057 nigris,
829 3957 1003 4036 Aculeus
1014 3956 1094 4032 abac

107 4075 219 4152 ditus.

787 4194 835 4273 q
