2564 5078
115 268 194 342 816
546 280 758 337 rnrsuon

113 446 360 528 varietatibus
379 456 452 529 let
464 458 501 530 2.
555 446 1046 529 Punctisistiseutemscns

114 570 294 661 literatis,
319 571 471 645 tandem
491 570 608 648 facies
628 586 710 647 tota
731 572 838 674 nigra
852 570 1001 661 evadit,
1026 596 1047 673 q

114 690 156 767 in
193 690 437 768 varietatibus
483 690 659 794 plurimis
705 688 977 793 conspicimus.

113 837 229 914 porro
247 810 342 887 haec
364 812 511 915 species
533 809 737 913 segmentis
759 809 906 887 ultimis
925 810 989 888 vel
1009 832 1047 885 ru

114 933 247 1034 nigris:
273 932 370 1007 Rula
391 946 481 1008 sunt
502 931 645 1033 speciei
665 931 854 1034 genuinae
875 944 916 1007 et
933 929 1047 1007 variet

113 1062 150 1141 8,
174 1062 208 1142 7,
234 1062 281 1131 12
295 1068 335 1130 et
351 1062 415 1141 133
441 1051 508 1128 sed
524 1051 563 1128 in
578 1051 804 1157 quibusdam
826 1049 1035 1127 individuis

113 1172 192 1263 nis,
220 1198 290 1247 nec
303 1198 381 1249 non
394 1173 434 1247 in
447 1172 694 1250 varietatibus
711 1182 785 1253 1et
797 1180 842 1261 2,
869 1170 934 1247 lric
953 1171 1047 1247 color

112 1288 190 1395 jam
209 1317 297 1367 cum
317 1293 426 1371 lusco
446 1308 512 1369 aut
529 1292 741 1395 nigricante
763 1293 964 1383 miscetur,
991 1290 1047 1365 int

113 1429 348 1514 segmentum
365 1415 571 1515 septimum
592 1412 718 1516 ipsum
731 1428 859 1489 totum
874 1412 1047 1514 nigrum«

111 1534 214 1609 llaec
235 1534 391 1635 nigredo
412 1533 598 1610 intensior
618 1535 663 1609 fit
683 1548 725 1610 et
743 1546 907 1633 augetur
926 1530 968 1605 in
987 1554 1047 1605 var

110 1654 182 1729 bus
203 1659 228 1733 4
248 1670 288 1730 et
310 1662 378 1743 11;
405 1653 599 1756 magisque
621 1655 662 1729 in
680 1650 930 1731 varietatibus
950 1653 989 1740 ὅ,
1011 1659 1035 1751 l}

111 1773 237 1849 Etiam
251 1775 359 1851 color
370 1775 510 1877 pedum
523 1775 655 1851 multis
668 1772 881 1853 rationibus
896 1770 1033 1859 variat;

112 1894 217 1970 ribus
242 1894 494 1972 anterioribus
515 1920 653 1998 nempe
671 1896 735 1973 vel
755 1892 847 1969 totis
865 1893 959 1967 rufis
974 1905 1039 1966 aut

112 2014 460 2107 invenenatus,
478 2023 513 2106 6,
525 2024 560 2107 7,
576 2026 612 2107 8,
630 2026 667 2106 9,
684 2024 744 2106 10,
757 2014 822 2090 vel
843 2038 957 2115 supra
978 2011 1047 2114 nigr

111 2135 356 2212 varietatibus
379 2139 415 2227 5,
440 2147 497 2226 11,
523 2146 588 2227 123
613 2136 815 2213 varietates
837 2134 1012 2235 reliquae
1032 2160 1047 2209 e

111 2256 189 2331 cies
223 2257 384 2356 genuina
415 2257 563 2334 variant
596 2255 805 2332 semoribus
834 2252 1047 2329 anterioribi

110 2375 203 2453 totis
226 2375 316 2450 rufis
336 2378 399 2453 vel
420 2378 508 2480 plus
529 2374 654 2452 minus
666 2373 992 2478 nigromaculatis.
1042 2374 1047 2403 ¹

110 2496 291 2601 posticae,
320 2498 545 2600 plerumque
561 2494 666 2572 sulae
680 2512 746 2572 aut
759 2495 1047 2572 substramineae

111 2619 229 2717 nigr0,
257 2617 501 2692 varietatibus
517 2627 540 2697 7
555 2632 595 2693 et
613 2626 659 2697 11
674 2632 777 2692 botae
792 2617 922 2718 nigrae
937 2631 1035 2707 sunt,

110 2736 250 2811 tatibus
270 2746 316 2814 12
329 2752 368 2812 et
381 2745 429 2816 13
445 2753 571 2813 autem
586 2753 691 2814 totae
705 2737 823 2812 rusae.
878 2740 1047 2813 Antenna

109 2858 207 2945 dem,
233 2856 434 2946 rarissime,
463 2857 505 2932 in
519 2859 649 2959 paucis
663 2856 868 2933 individuis
883 2855 1047 2958 genuinis

110 2993 213 3055 totae
223 2977 478 3078 ferrugineae,
507 2978 733 3080 plerumque
756 2976 888 3052 subtus
904 2978 1047 3053 rufaea

109 3115 323 3188 vescentes,
352 3097 393 3170 in
418 3097 644 3198 quibusdam
665 3096 872 3172 individuis
891 3099 1047 3173 varietat

110 3228 145 3310 8,
160 3228 183 3298 9
198 3218 306 3293 basin
319 3231 359 3292 et
372 3216 520 3318 apicem
541 3242 670 3293 versus
689 3216 835 3305 fuscae,
863 3216 1047 3293 varietati]

108 3355 149 3415 et
164 3348 209 3418 11
226 3339 307 3414 lere
320 3350 424 3412 totae
441 3334 569 3436 nigrae
585 3351 684 3412 sunt.

186 3458 258 3533 Sed
280 3455 500 3533 nouaclum
521 3456 652 3533 colore
673 3469 712 3530 et
729 3455 878 3556 pictura
892 3452 1012 3555 hujus
1034 3483 1047 3531 s

106 3576 303 3653 individua
314 3576 472 3664 variant,
500 3600 592 3652 vero
606 3575 720 3650 etiam
735 3574 856 3649 forma
872 3590 912 3650 et
925 3600 1047 3677 propa

105 3696 273 3801 partium
288 3697 521 3797 quarundam
535 3694 723 3798 corporis3
749 3694 924 3770 antennis
938 3695 1045 3798 longi

106 3833 173 3893 aut
186 3815 442 3904 brevioribus3
470 3815 670 3893 abdomine
689 3814 752 3891 vel
773 3815 910 3917 capitis
930 3814 1045 3893 thora

103 3936 347 4040 longitudine
366 3950 407 4013 et
423 3937 642 4023 latitudine,
670 3935 731 4011 vel
750 3935 795 4011 iis
811 3936 986 4039 longiore
1007 3956 1047 4016 et

107 4058 242 4150 stiore3
282 4074 476 4165 segmento
517 4057 640 4163 primo
680 4056 899 4161 angustiore
939 4075 1008 4136 aut
1042 4062 1047 4136 l
