2744 5084
431 342 532 393 rau.
562 325 621 393 xl.
656 342 969 395 unaocnonus.
1154 324 1233 404 069

108 560 142 609 ι
162 503 270 590 dine.
294 546 349 569 ·-
372 504 472 584 Mari
492 504 646 609 quidem
663 504 752 607 at'yli
770 505 897 582 anales
912 498 1066 600 desunt,
1094 508 1160 587 sed
1173 537 1234 589 me

108 686 133 733 Ξ
161 651 390 734 μηιιαειιω
415 625 556 717 habeo,
588 624 664 700 hoc
690 624 928 704 individuum
954 620 1035 706 illia
1062 629 1234 731 partibus

108 811 127 855 :
158 746 386 828 mutilatum
416 746 479 823 vel
501 745 823 821 monstrositatem
845 746 1119 852 perdefectum
1137 774 1233 828 esse.

242 867 390 943 Marem
426 864 582 941 unicum
614 864 762 967 accepi,
801 866 904 943 circa
935 867 1236 969 Norimbergom

109 1061 129 1097 ζ
157 1000 338 1092 captum,
372 982 607 1089 feminasque
628 984 738 1076 duas,
770 984 871 1061 circa
901 986 944 1064 V
942 985 1173 1067 iudodonom
1194 1003 1236 1068 et

108 1174 128 1219 e
157 1104 342 1187 Genuam
369 1118 510 1208 captas.

108 1424 110 1435 ,
159 1394 164 1401 -
244 1351 280 1424 6.
308 1344 488 1425 Thorace
507 1362 592 1426 toto
616 1349 730 1448 nigro
737 1373 752 1435 ,·
776 1346 981 1428 abdomine
1007 1353 1234 1441 stramiaco,

108 1454 112 1461 ’
158 1464 254 1547 bosi
270 1472 398 1568 nigro.
423 1466 451 1543 f.
480 1510 530 1525 -
555 1467 778 1569 Longitudo
793 1468 859 1573 274
881 1468 1011 1570 -374
1031 1469 1231 1547 linearum.

108 1660 112 1667 .
157 1589 299 1689 Caput
316 1585 482 1688 nigrum,
509 1612 576 1665 ore
596 1588 816 1678 stramineo,
851 1588 1041 1665 interdum
1067 1587 1167 1665 facie
1192 1602 1234 1667 et

158 1704 302 1783 orbitis
320 1708 520 1783 oculorum
539 1709 714 1784 omnibns
736 1707 974 1809 ferrugineis.
1027 1711 1234 1789 Antennoe

158 1827 311 1917 fuscae,
351 1826 484 1904 subtus
512 1827 761 1932 ferrugineae.
832 1830 938 1907 Aloe
977 1827 1154 1932 stigmate
1190 1843 1232 1904 et

157 1946 273 2023 radio
285 1946 413 2038 fuscis,
425 1947 554 2025 radice
566 1965 606 2025 et
622 1949 817 2052 squamula
832 1949 1056 2027 stramineis.
1110 1948 1234 2027 Pedes
1253 2036 1257 2043 ,

157 2067 378 2158 straminei3
403 2068 542 2172 postici
567 2070 677 2174 apice
704 2069 901 2162 tibiarum,
928 2070 1120 2149 interdum
1135 2095 1233 2172 quo-

158 2216 243 2295 que
253 2187 451 2279 femorum,
471 2187 592 2266 fusco.
646 2189 850 2269 Abdomeo
866 2205 1060 2292 segmento
1079 2199 1098 2269 1
1115 2190 1234 2266 inter-

158 2313 257 2389 dum
279 2311 394 2415 paulo
415 2310 590 2387 breviore
605 2324 645 2385 et
662 2309 801 2387 latiore
820 2337 933 2413 quam
954 2310 994 2384 in
1012 2309 1152 2386 femina
1167 2333 1233 2410 ge-

155 2432 298 2521 nuina;
324 2430 536 2532 zmargine
559 2428 780 2518 stramine03
808 2427 1077 2519 adramium,
1113 2427 1233 2503 inter-

155 2555 257 2632 dum
277 2552 424 2627 macula
451 2550 600 2626 laterali
624 2548 749 2640 susem
780 2548 940 2651 reliquis
966 2548 1059 2624 totis
1085 2548 1234 2624 strami-

156 2673 260 2753 neia.
318 2673 491 2750 Aculeus
522 2685 678 2773 quartae
710 2671 830 2774 partis
862 2668 1075 2745 abdominis
1107 2666 1234 2773 longi·

154 2792 314 2873 tudine.

239 2916 346 2989 Duas
364 2910 524 2988 feminas
546 2910 695 3015 accepi,
721 2910 821 2988 circa
841 2911 991 3014 Niesky
1014 2924 1055 2985 et
1078 2911 1233 2988 Worm-

152 3036 290 3117 brono
315 3047 461 3135 captas;
487 3032 583 3108 haec
609 3032 752 3124 minor,
784 3030 883 3106 facie
912 3028 1141 3132 ferruginea,
1176 3028 1233 3107 ie·

149 3152 334 3235 moribus
353 3168 394 3229 et
411 3167 607 3253 segmento
627 3152 745 3230 tertio
763 3151 858 3229 totis
884 3149 1114 3241 stramineis,
1149 3156 1234 3254 sagi

148 3288 295 3359 mento
320 3272 591 3375 1angustiore.

239 3522 277 3594 7.
303 3513 547 3595 Prothoroce
567 3512 883 3618 rusomocalutor
906 3508 1111 3594 abdomine
1124 3510 1233 3615 ruso,

152 3638 250 3718 basa·
267 3640 393 3734 nigro.
418 3636 447 3712 f.
473 3678 528 3695 -
551 3632 776 3737 longitudo
792 3630 876 3709 fere
896 3638 1012 3712 2-5
1028 3630 1228 3711 linearum.

152 3763 296 3859 Caput
319 3756 382 3832 vel
408 3757 565 3847 flavum,
601 3754 903 3831 mandibularum
920 3749 1049 3855 apice,
1092 3751 1228 3843 oculis,

155 3873 317 3965 ocellis,
343 3874 588 3980 occipiteque
609 3874 745 3978 nigris,
779 3874 842 3952 vel
864 3872 1032 3977 nigrum,
1058 3896 1127 3949 ore
1147 3870 1230 3974 oly-¹

156 4020 238 4103 peo
267 4010 308 4072 et
334 3995 470 4073 orbitis
496 3996 698 4073 oculorum
731 3993 844 4073 iaciei
872 3992 1084 4094 frontisque
1110 3990 1233 4079 flavia·

159 4114 263 4194 facie
282 4114 363 4221 ipsa
384 4116 597 4222 ferruginea
617 4114 747 4197 medio
773 4115 899 4220 nigr03
935 4109 1070 4191 orbitis
1095 4111 1230 4190 oculo·
