2564 5078
180 268 255 343 456
611 287 812 343 cnrrrrs

181 451 279 528 nulli
303 450 438 555 Crypti
463 450 589 555 parvi,
616 450 818 531 abdomine
835 453 1061 535 feminarum
1072 457 1222 537 breviore

179 575 316 649 latiore
342 573 579 674 depressiore
609 574 661 671 (e.
684 602 718 676 g.
744 579 809 651 Cr.
829 578 1029 677 pollutor,
1053 582 1222 683 perfusos,

178 694 424 783 hortulanus,
451 697 629 794 apiculis,
646 692 882 793 flagitator,
908 695 1133 797 ditinctus),
1158 724 1224 801 spe·

179 813 309 888 ciebns
349 814 574 915 quibusdam
615 815 759 913 parvis,
808 816 983 892 antennis
1023 818 1227 895 feminarum

177 933 431 1021 tenuioribus,
460 932 811 1034 Phygadeuontium
839 935 1142 1028 confines-sunt,
1171 962 1228 1015 nec

179 1054 250 1127 nisi
267 1069 453 1129 antennae
466 1054 582 1155 paulo
594 1053 815 1153 graciliores
831 1053 989 1129 illorum
1004 1084 1067 1135 me
1080 1082 1228 1133 commo·

177 1188 328 1263 verunt,
355 1199 421 1249 eos
438 1173 593 1275 Cryptis
609 1174 839 1249 consociere.
893 1174 1159 1277 Phygoderron
1168 1178 1229 1279 su·

178 1307 454 1368 maturantem
475 1307 516 1369 et
536 1317 681 1392 rogans
700 1308 810 1368 antea
830 1293 902 1366 sub
921 1294 1079 1397 Cryptis
1105 1299 1230 1374 milite·

176 1413 280 1495 bant.
342 1413 433 1511 Quo
464 1402 590 1489 niinus
624 1428 809 1489 antennae
839 1410 1066 1490 feminarum
1102 1417 1231 1519 Phyge-

177 1532 400 1609 deu'ontinrn
423 1546 600 1606 curvatae
620 1547 727 1620 sunt,
755 1557 802 1607 eo
831 1531 1053 1631 graciliores
1076 1562 1157 1613 esse
1180 1560 1231 1612 so-

178 1654 280 1742 lent3
315 1666 551 1727 tumentem
583 1651 754 1726 antennis
784 1652 1015 1751 Cryptorum
1041 1657 1159 1758 magis
1180 1680 1232 1731 rc·

177 1773 375 1875 spondent.
430 1772 538 1845 Aliae
563 1770 913 1873 Phygsdeuontium
939 1771 1123 1865 feminae,
1149 1802 1180 1852 e.
1198 1800 1227 1877 g.

177 1893 302 1997 Ptyg.
317 1892 500 1991 dignati,
527 1890 729 1966 abdomine
747 1890 991 1981 convexiore,
1019 1896 1176 1997 propius
1191 1892 1229 1967 ad

180 2015 345 2115 Cryptos
374 2010 574 2096 accedunt3
609 2014 674 2086 Cr.
704 2010 955 2088 nubecuiotus
981 2029 1110 2088 autem
1135 2028 1230 2089 antea

176 2131 531 2233 Phygadeuontibus
549 2129 761 2231 adscriptus
778 2146 870 2205 erat.
884 2174 937 2189 --
952 2133 1102 2234 Gry-pti,
1118 2134 1230 2211 areola
1250 2172 1254 2177 ·

175 2249 476 2355 quadrangulari,
492 2264 688 2323 transeunt
703 2249 743 2323 in
758 2253 1068 2327 Mesostenorum
1084 2253 1228 2357 species,

175 2372 315 2447 cellula
344 2371 415 2445 ista
436 2367 622 2468 ampliore
641 2368 856 2459 distinctas,
885 2370 1018 2471 quoles
1040 2389 1131 2447 sunt
1148 2400 1182 2449 v.
1198 2396 1226 2445 c

174 2493 334 2567 Mesost.
365 2494 512 2588 ligator
545 2502 585 2561 et
610 2487 811 2563 obnoxius.
873 2494 971 2566 Mes.
1001 2490 1229 2570 albinetum

173 2627 282 2685 antea
302 2611 370 2683 sub
391 2607 544 2708 Cryptis
567 2605 766 2680 militabat.
824 2609 880 2681 Ex
896 2609 1015 2683 altera
1028 2630 1138 2712 parte
1151 2634 1227 2688 vero

174 2733 347 2832 Cryptus
367 2727 691 2827 brocbycentrus,
718 2726 844 2800 areola
865 2753 1068 2828 perparva,
1099 2732 1144 2805 ad
1158 2732 1228 2805 lile·

173 2864 344 2923 sostenos
370 2844 660 2947 adpropinquat.
694 2888 748 2902 —
780 2848 906 2920 Nexus
934 2871 1057 2949 aeque
1085 2852 1226 2927 intimus

173 2994 254 3044 sese
268 2967 483 3042 manifestat
506 2964 605 3037 inter
623 2964 832 3043 Hemiteles
852 2981 890 3041 et
905 2967 1140 3068 Cryptorum
1154 2992 1225 3071 spt-

171 3090 248 3163 cies
278 3087 458 3191 quasdam
485 3084 667 3171 minores,
702 3086 853 3159 areolae
879 3085 1223 3191 quinqueangularir

171 3234 287 3283 nervo
311 3206 499 3283 exteriore
512 3202 756 3291 tenuissimo,
784 3204 914 3305 quales
930 3222 1019 3280 sunt
1033 3214 1100 3285 Cr.
1115 3210 1223 3313 pullo·

171 3342 254 3415 tor,
287 3328 487 3429 perfusor,
521 3322 775 3412 hortulanus,
809 3327 995 3426 apiculis,
1030 3355 1100 3429 per
1130 3323 1222 3403 lemi-

170 3472 235 3519 nas
256 3448 460 3522 Hemiteiis
471 3441 785 3537 floricolotoris‚
812 3446 1100 3537 meridionalis,
1122 3454 1221 3523 mico-

170 3572 289 3651 toris,
316 3567 532 3651 aestivalis,
559 3564 720 3659 fragilis
741 3579 813 3637 etc.
868 3565 899 3636 F
902 3566 1051 3642 eminae
1066 3568 1156 3641 istnc
1166 3562 1217 3635 Cr.

168 3685 371 3786 pullatoris
392 3702 465 3759 etc.
484 3695 659 3766 nectunt,
689 3708 764 3756 uno
779 3683 898 3759 latere
912 3683 1216 3787 Phygadeuontet

167 3807 288 3879 altero
321 3803 547 3889 Hemiteles,
582 3825 669 3873 cum
705 3802 870 3903 Cryptis.
932 3805 1044 3881 Hem.
1075 3812 1215 3881 inum,

166 3925 317 4000 areolae
330 3947 447 3997 nervo
461 3921 648 3996 exteriore
661 3921 814 4022 quidem
831 3924 958 4011 tenui,
987 3939 1027 4001 at
1041 3921 1208 3997 distincto.

166 4045 301 4123 transit
335 4043 380 4117 ad
415 4043 578 4146 Cryptos
613 4055 652 4117 et
678 4040 1001 4141 Phygadeuontes.
1063 4044 1107 4116 ln
1131 4030 1207 4111 indi·
