2564 5078
174 214 255 370 aas
606 278 805 331 carenos

175 451 305 535 2-6
321 448 431 539 rufis,
458 447 483 525 6
510 441 832 546 nsergine,fusoo;
864 447 891 521 6
911 455 953 521 et
978 441 1231 546 ‘inigricsutt

176 573 260 649 bus.
328 569 499 647 Aculeus
537 564 617 643 sere
644 561 793 641 dimidii
830 560 1049 643 abdominis
1080 562 1234 666 longitu-

178 692 279 769 dine.

255 937 292 1006 2.
320 924 548 1003 Femoribus
555 920 885 1028 suscesceutidus,
898 921 1043 1002 orbitis
1051 928 1238 1003 ocularun

168 1043 421 1153 frontalibus
439 1044 547 1144 rufis.
601 1044 627 1120 f.
654 1085 710 1103 -·
732 1042 958 1143 longitudo
989 1053 1017 1125 3
1050 1044 1236 1121 linearum.

179 1170 386 1247 Autennue
414 1166 576 1241 articulo
609 1171 629 1243 1
658 1163 791 1239 subtus
817 1161 921 1251 rufo,
961 1171 1129 1243 10-13
1158 1163 1238 1237 albis

180 1286 314 1363 subtus
341 1298 485 1386 puncto
512 1282 783 1360 tumescente·
815 1284 920 1361 Alae
939 1280 1240 1384 subsumetohyu·

179 1405 300 1492 linae,
325 1402 483 1489 uidete,
511 1401 687 1504 stigmate
705 1416 890 1493 testaceo,
917 1401 1026 1477 radio
1047 1402 1169 1491 fusca,
1192 1428 1240 1477 rs·

180 1522 267 1599 dice
292 1521 625 1625 stramineopiceu,
659 1522 855 1626 squamula
884 1522 949 1599 vel
971 1536 1059 1597 tots
1087 1520 1239 1601 rafstei

181 1642 286 1719 tusca
302 1642 412 1745 apice
425 1640 663 1744 ferruginem
689 1643 818 1719 areola
830 1640 1176 1745 quinqueangulari
1189 1656 1240 1719 sut

182 1762 491 1865 subtriengulari.
543 1764 669 1844 Pedes
687 1763 793 1839 coxis
809 1777 849 1840 et
869 1760 1179 1839 trochsnteribus
1195 1761 1239 1839 ni·

182 1881 277 1985 gris,
305 1883 440 1958 enticis
455 1881 645 1960 interdum
659 1881 1014 1983 fuscaferrugineis3
1040 1881 1234 1960 femoribus

184 2000 320 2077 enticis
332 2002 434 2090 rufis,
449 2029 561 2105 supra
575 2002 958 2091 subsusoescentihus,
974 2002 1113 2079 mediis
1130 2005 1237 2080 susca-

182 2118 323 2211 badiis,
350 2120 498 2197 interne
523 2122 819 2213 rufescentibus,
845 2119 1004 2224 posticis
1031 2122 1168 2213 fuscis3
1197 2123 1236 2197 ti·

184 2240 259 2315 biis
279 2255 320 2319 et
337 2241 448 2315 tersis
468 2256 512 2318 ut
533 2242 573 2317 in
593 2243 723 2346 specie
743 2242 916 2346 genuine.
970 2241 1234 2321 Abdomenru·

184 2359 284 2451 fam,
311 2376 506 2462 segmento
534 2361 697 2465 1nigro.
757 2366 928 2443 Aculeus
953 2362 1166 2441 abdominis
1188 2361 1232 2436 di·

184 2479 293 2560 midii
313 2495 379 2557 eut
399 2480 549 2557 trientis
569 2481 821 2583 longitudine.

263 2600 442 2674 Feminae
464 2600 577 2690 duee,
612 2603 712 2678 circa
743 2600 1005 2682 Warmbrunn
1025 2618 1066 2681 et
1092 2603 1229 2706 Traja-

187 2733 268 2797 tum
295 2717 351 2798 ad
377 2722 562 2799 Moenum
590 2736 741 2826 captae,
774 2749 923 2802 mecum
951 2724 1227 2801 communicatu

187 2851 286 2916 sunt.

264 3087 298 3155 3.
326 3076 552 3155 Femoribus
566 3081 740 3160 omnibus
754 3087 876 3182 nigris
893 3088 1004 3184 apice
1025 3084 1130 3185 ruso.
1153 3080 1177 3156 f.
1190 3110 1224 3135 ··

185 3196 354 3273 Statura
375 3215 415 3274 et
436 3202 636 3300 proportio
649 3203 813 3304 partium
828 3202 991 3279 feminae
1007 3203 1190 3279 varietatis
1202 3203 1221 3279 l.
1267 3268 1272 3273 .

187 3332 381 3418 segmento
405 3329 421 3396 1
445 3335 572 3394 autem
594 3322 821 3423 angustiare.
849 3366 903 3380 -
926 3324 1153 3424 Longitudo
1173 3317 1216 3409 st

185 3434 383 3514 linearum.
437 3440 641 3516 Antennae
661 3439 830 3516 articulis
853 3450 994 3525 8-13
1011 3446 1135 3521 tribus
1153 3443 1220 3518 lue
1266 3504 1272 3516 .

184 3553 291 3628 ribus
318 3555 426 3631 albis.
479 3561 584 3638 Alae
607 3558 947 3660 fumstahyalinae‚
990 3566 1161 3667 stigmate
1181 3552 1220 3658 pi·
1259 3606 1266 3629 ι

185 3696 273 3763 oea,
312 3673 419 3749 radio
452 3674 575 3769 iussu,
610 3680 738 3759 radice
763 3695 803 3755 et
830 3684 1030 3783 squamule
1057 3676 1219 3762 testaceis

183 3793 310 3869 areola
335 3794 686 3900 quinqueangulari.
741 3798 864 3879 Pedes
889 3801 1006 3902 nigri5
1041 3800 1218 3882 anteriores

185 3912 295 3990 tarsis
318 3912 425 3988 tibiis
454 3930 493 3990 et
512 3916 698 3997 femorum
725 3919 835 4024 apice
861 3922 969 4010 rufin
1000 3921 1135 4024 postici
1162 3932 1216 3989 ta·
1258 3954 1266 3989 :

185 4059 311 4112 sorum
326 4033 564 4115 ettenorum
580 4038 707 4145 spise,
735 4068 806 4119 nec
820 4068 899 4120 non
913 4042 1214 4122 summentiua
1260 4070 1265 4083 ·
