2564 5078
106 284 181 360 snt
541 290 741 340 currrus

129 480 133 489 “
185 474 221 544 2.
251 461 468 541 Abdomine
495 470 579 534 toto
596 455 852 559 suscopiceo,
885 463 1043 536 antennis
1063 455 1118 529 totis
1155 504 1160 545 :

111 593 242 687 nigris.
270 581 295 656 i.
324 622 377 636 -·-
410 574 633 676 Longitudo
660 583 679 652 1
711 574 849 652 lineae.
905 575 1122 655 Acuiersisr·

111 703 280 808 gitodine
303 714 459 800 quartae
480 695 597 799 partis
611 694 839 771 abdominis.
868 738 921 755 -
945 689 1124 773 escunt

112 826 237 899 minue
256 822 444 921 genuinae
464 814 709 920 respondent.
1158 808 1160 813 ⁴

125 986 130 993 ·
187 945 294 1017 Hunc
316 937 493 1012 feminam
508 935 607 1012 Nees
621 933 671 1011 ab
687 934 886 1015 Esenbeck
897 936 995 1013 circa
1009 935 1129 1013 Sirim·

114 1065 257 1141 hausen
279 1057 394 1159 cepit.

397 1278 663 1379 Synonymn
689 1277 911 1353 feminee:

119 1417 225 1496 lehn.
249 1422 414 1492 micotor
435 1413 551 1489 Grnr.
576 1412 751 1503 Uebers.,
787 1441 823 1490 n.
854 1420 970 1494 sits.

322 1637 459 1710 Nota:

197 1773 377 1849 Feminae
398 1798 484 1848 cum
506 1770 751 1848 meridionali
766 1788 951 1874 sequente
965 1786 1087 1849 etcum
1100 1790 1135 1840 se

120 1910 273 1982 cotore,
288 1921 322 1968 n.
340 1895 433 1981 259,
461 1890 668 1967 arctissime
688 1908 870 1993 cognatae
884 1909 989 1984 sunt,
1016 1908 1052 1967 ut
1064 1885 1136 1963 inuiis

120 2040 208 2090 cum
236 2011 292 2087 eis
316 2009 499 2112 conjungi
532 2025 696 2113 possent.
763 2018 793 2087 A
813 2029 996 2090 necatore
1014 1999 1135 2086 nonnisi

120 2146 314 2234 segmento
339 2139 357 2208 1
379 2130 516 2207 latiore
536 2129 733 2217 differunt3
762 2131 828 2205 sed
850 2132 965 2208 etiam
987 2132 1023 2207 in
1044 2125 1135 2206 nisis

122 2253 234 2328 minis
248 2251 368 2326 formu
390 2268 429 2327 et
444 2250 644 2353 proportio
656 2249 761 2326 illius
776 2253 961 2353 segmenti
975 2252 1065 2327 baud
1076 2270 1132 2322 sen·

119 2400 189 2476 per
201 2370 354 2449 eaedem
370 2385 466 2459 sunt,
481 2370 662 2472 quaedum
675 2371 778 2448 enim
795 2389 992 2475 segmento
1009 2360 1130 2451 ilicem

120 2493 301 2596 quaedum
323 2516 368 2566 eo
389 2491 535 2591 apicem
555 2516 684 2567 versus
711 2492 872 2569 dilatato
892 2496 1058 2596 gaudent.

352 2924 423 2984 962.
470 2913 509 2977 11.
535 2914 872 2983 MERIDIONALIS.
919 2942 954 2983 n.

320 3082 517 3148 Abdominis
542 3085 665 3164 modim
698 3087 855 3173 podibus,
889 3090 1125 3152 sustinuimus·

320 3181 423 3247 ticulo
451 3186 559 3270 primo
578 3187 711 3269 subtus,
735 3187 833 3268 rufis3
857 3211 915 3253 oro
936 3162 1123 3256 straminco·t

195 3354 416 3454 Longitudo
442 3355 502 3458 173
524 3368 613 3437 -2
642 3359 841 3436 linearum.
905 3365 1029 3465 Caput
1050 3336 1123 3457 ptlii

117 3474 660 3576 mandibulisquestramineis.
715 3454 1122 3582 Antennaegracitesfii

118 3591 273 3680 formes,
303 3621 461 3697 corpore
474 3597 683 3688 breviores,
712 3598 841 3676 fuscae
855 3615 921 3675 nut
935 3593 1124 3697 ferrugineo

118 3737 229 3812 supra
254 3712 509 3806 obscuriores,
539 3720 701 3794 articulo
727 3729 745 3798 1
774 3721 906 3795 subtus
929 3719 1022 3795 ruio.
1064 3701 1125 3784 Ti*
1156 3774 1160 3796 2

116 3857 196 3906 νοω
215 3831 410 3933 gibbulus,
438 3837 695 3915 metathornce
708 3840 920 3917 tuberculis
934 3838 1124 3927 duobusne*

115 3951 169 4023 vis
192 3953 322 4027 acutis
379 3958 482 4032 Aloe
500 3957 693 4058 hyniinne,
723 3960 898 4062 stigmate
919 3976 957 4036 et
978 3954 1065 4034 radio
1079 3942 1124 4017 fi*
1154 4028 1159 4038 .

115 4070 168 4144 cis
191 4088 253 4147 aut
275 4073 412 4176 piceis,
448 4077 573 4154 radice
605 4095 643 4156 et
665 4081 862 4182 squamula
890 4081 1001 4163 albist
1031 4062 1086 4147 ΝΠ
