2744 5084
298 402 370 565 9

496 585 594 668 rant.
625 602 670 667 ll.
700 617 814 675 sacr.
846 623 869 668 1.
1140 601 1216 676 439
1251 624 1255 637 ·

423 1040 828 1116 sEc'rlo
900 1042 935 1115 1.

351 1280 493 1345 Sontello
514 1295 546 1344 et
568 1281 738 1347 abdomine
759 1284 873 1365 m'gris.

225 1465 429 1548 Abdomen
451 1468 641 1547 interdum
663 1469 865 1575 segmentis
888 1468 1081 1548 nonnullis
1098 1485 1216 1548 casta-

156 1588 440 1690 neomarginatis
462 1606 530 1666 est.
587 1590 759 1694 Species,
788 1590 926 1694 quibus
947 1588 1010 1665 hic
1025 1591 1132 1667 color
1152 1608 1216 1668 aut

155 1707 255 1783 rusus
271 1709 310 1783 in
324 1707 527 1809 segmentis
542 1710 658 1813 magis
674 1736 714 1786 se
728 1710 917 1805 extendit,
944 1713 997 1809 (e.
1013 1737 1047 1813 g.
1066 1739 1216 1791 mecro-

152 1824 277 1918 botus,
303 1831 475 1932 spinulis,
497 1835 723 1931 griseseens,
749 1829 997 1933 bilineotus),
1023 1830 1112 1909 inde
1134 1858 1216 1911 see·
1311 1818 1314 1823 ⁵

151 1946 245 2022 tioni
279 1948 434 2049 quintae
467 1950 784 2055 adpropinquant.
854 1951 986 2027 Rarius
1026 1967 1216 2054 segmenta

151 2069 332 2171 quaedam
355 2068 482 2145 albida
512 2069 789 2173 submerginata
810 2084 915 2160 sunt,
943 2097 977 2146 v.
1001 2096 1033 2146 o.
1057 2069 1217 2175 quadri·

151 2192 347 2268 annulata.
383 2189 568 2266 Nonnulli
584 2216 656 2267 ano
671 2189 962 2280 albomaculato,
977 2190 1218 2270 distinctiora

150 2325 215 2383 aut
227 2307 471 2398 obsoletiore,
499 2309 681 2412 gaudent,
711 2307 764 2384 ita
779 2324 916 2401 tamen,
945 2323 987 2385 ut
1001 2309 1073 2389 hae
1088 2336 1216 2389 macu-

151 2421 226 2517 lae,
253 2453 330 2503 non
353 2444 430 2504 tam
450 2456 560 2505 verae
581 2429 771 2533 picturae,
800 2456 911 2533 quam
934 2431 1216 2509 membranulae
1239 2520 1242 2526 .

154 2548 236 2646 plus
256 2547 380 2624 minus
408 2548 515 2625 laxae
540 2548 820 2624 albocoloratae
847 2548 939 2639 sint,
968 2550 1106 2650 quibus
1133 2577 1216 2654 seg·

159 2684 318 2748 mentum
340 2668 560 2770 septimum,
589 2682 654 2743 aut
674 2665 747 2741 hoc
769 2683 807 2743 et
827 2683 992 2758 sextum,
1020 2685 1212 2747 ornantur.

165 2822 206 2842 ·-
227 2789 441 2901 Scuggllum
464 2805 506 2864 ut
527 2787 735 2891 plurimum
756 2802 880 2863 totum
902 2787 1051 2890 nigrum
1071 2804 1147 2880 est3
1175 2790 1216 2865 in

173 2904 395 2985 umentibus
411 2913 476 2985 Cr.
491 2909 767 2998 moscb'otoris,
792 2905 956 2982 feminae
973 2909 1150 3010 spirolis,
1177 2923 1217 2984 et

132 3084 140 3125 ·.
176 3029 474 3125 qudriannuloti
490 3043 616 3106 autem
636 3029 916 3119 albonotatum,
945 3053 1021 3128 quo
1042 3025 1114 3104 hae
1129 3054 1215 3129 spc-
1309 3054 1312 3059 ·

132 3134 228 3245 §eia
253 3151 301 3225 ad
326 3149 534 3227 sectionem
569 3148 772 3229 secundam
804 3161 994 3249 spectant,
1029 3147 1215 3249 imprimis

134 3260 275 3363 grutem
310 3270 450 3347 lemina
482 3271 642 3373 spinulis
676 3265 848 3373 proxime
889 3264 1035 3342 accedit
1069 3267 1115 3341 ad
1149 3270 1214 3346 Cr.

133 3396 149 3489 a,
167 3387 390 3466 viduatorem
409 3389 588 3464 sectionis
612 3388 810 3465 secundae.

132 3564 143 3599 ,.
226 3508 256 3583 E
271 3512 475 3586 sectioneb
491 3513 554 3586 Cr.
574 3516 777 3587 tricinctus
790 3521 830 3583 et
845 3511 1107 3606 rnorginatus,
1134 3529 1216 3606 seg-

132 3694 134 3701 .
160 3629 286 3703 mentis
309 3628 543 3704 intermediis
567 3626 682 3729 nigris
704 3625 813 3737 apice
833 3625 937 3716 rul0,
966 3649 1036 3700 nec
1057 3648 1134 3699 non
1149 3625 1224 3727 Cr.¹

151 3748 444 3849 pellucidotoris
470 3748 648 3839 varietas,
686 3743 869 3848 segmenti
904 3741 1061 3819 secundi
1094 3741 1214 3845 apice,

152 3869 252 3944 tertii
273 3870 406 3957 dorso,
436 3868 664 3955 stramineis,
694 3864 891 3968 speciebus
916 3888 1026 3967 supra
1041 3862 1214 3967 allegatis

144 3986 259 4090 liujus
283 3989 481 4080 sectionis,
510 3986 736 4066 mocroboto
753 4001 824 4062 etc.
843 3983 1081 4087 respondent.
1117 4037 1121 4043 -

510 4236 853 4250 W--u-—t
