2564 5078
542 254 763 339 rnrruou'
832 284 835 289 ’

354 564 428 628 aaa.
470 553 513 620 T.
536 500 934 623 carcasonensi
983 600 987 607 .

310 740 509 823 Abdominis
535 754 761 836 mediocria,
791 756 933 845 pedibus
955 756 1144 825 anteriorilu

310 855 404 939 rufis,
436 859 526 925 coxis
550 868 584 924 et
600 856 868 924 trochanteribus
887 858 1011 947 nigris,
1038 858 1144 947 postici

311 957 415 1045 nigris
437 958 509 1025 basi
525 957 682 1024 tibiarum
703 958 793 1039 rusa,
830 979 905 1042 ore,
922 956 1034 1026 'lineis
1052 957 1144 1025 duabu

311 1056 418 1140 facici,
433 1069 650 1126 antennarum
662 1059 803 1127 articulo
817 1072 833 1133 1
852 1059 981 1144 subtus,
992 1061 1098 1131 ssavis.
1125 1082 1144 1127 n

186 1294 411 1401 longitudo
437 1297 591 1407 4--4Υ3
626 1302 824 1378 linearum.
883 1306 1018 1407 Caput
1044 1324 1144 1379 ores

110 1421 249 1522 clypeo
287 1419 549 1497 flavicantibus
591 1436 656 1496 aut
697 1421 833 1512 fulvis,
873 1422 1144 1499 mandibulam

110 1539 219 1643 apice
232 1553 272 1615 et
284 1538 364 1613 basi
381 1538 516 1639 nigrim
544 1538 645 1614 linea
658 1541 753 1616 flava
768 1557 835 1615 aut
848 1542 989 1631 albida,
1017 1536 1144 1616 eradit

110 1674 357 1744 antennarum
370 1654 529 1756 oblique
541 1684 672 1734 versus
688 1662 852 1736 orbitam
866 1662 1069 1737 oculorum
1080 1654 1144 1735 iura

109 1805 188 1855 ram
201 1779 441 1854 decurrente.
493 1778 696 1857 Antennae
716 1804 877 1883 corpore
897 1781 1091 1857 breviores
1107 1802 1144 1855 aa

112 1899 192 1976 sere
217 1896 458 1999 longitudine
485 1894 587 1996 ejus,
616 1911 829 1999 porrectae,
863 1899 973 2001 apice
999 1906 1144 1983 recen}

112 2019 370 2106 subsetaceae,
399 2014 532 2091 subtus
553 2016 682 2092 fuscae
702 2032 768 2091 aut
787 2016 1029 2119 ferrugineae
1042 2018 1107 2097 arti
1131 2110 1134 2115 Ι

110 2139 158 2215 lis
184 2148 203 2216 1
227 2150 266 2212 et
286 2146 312 2214 2
332 2136 438 2211 ssavis
455 2150 520 2211 aut
533 2135 682 2210 albidis.
739 2135 909 2212 Thorax
921 2120 1100 2242 gibbulut

110 2256 515 2361 cylindricogibbulus.
570 2258 675 2333 Alce
693 2254 871 2356 hyalinae
890 2272 959 2333 aut
986 2260 1079 2337 subl

110 2377 350 2480 tohyalina03
377 2374 553 2476 stigmate
567 2388 606 2450 et
620 2374 857 2451 radioluscis
872 2391 939 2451 aut
953 2375 1035 2455 ferr

109 2515 175 2575 aut
200 2492 544 2595 stramineopiceis,
579 2492 705 2570 radice
730 2508 771 2568 et
797 2497 998 2597 squamula
1026 2498 1098 2575 alb'

110 2617 237 2693 areola
266 2611 466 2712 irregulari
494 2611 735 2712 triangulari,
763 2613 877 2715 longe
906 2616 1144 2716 petiolum

112 2734 322 2839 plurimum
336 2730 493 2817 minuta,
515 2730 705 2807 interdum
719 2731 907 2807 subuulla.
965 2737 1144 2815 Pedesnt

112 2857 271 2942 dioeces,
301 2850 508 2924 anteriores
523 2852 595 2925 cufi
611 2866 677 2925 aut
692 2850 801 2940 fulvi,
829 2854 934 2927 coxis
948 2870 989 2931 et
1004 2871 1022 2930 t

108 2990 234 3049 terum
260 2969 341 3045 basi
363 2968 497 3070 nigris3
525 2969 664 3070 postici
687 2971 802 3072 nigri,
829 2973 941 3074 apice
961 2854 1144 3063 troiirffl

109 3120 191 3168 rum
207 3090 390 3192 tibiisque
405 3089 507 3178 rufis,
524 3088 583 3162 his
599 3089 707 3189 apice
722 3091 841 3191 nigro
872 3091 1077 3173 Abdomen
1089 3068 1144 3183 sal

110 3212 260 3303 sessile,
288 3209 424 3310 capitis
451 3207 696 3309 thoracisque
725 3210 966 3310 longitudine
989 3231 1030 3289 et
1050 3211 1113 3290 lati

108 3331 214 3421 dine,
241 3331 304 3407 vel
328 3328 483 3402 thorace
504 3327 704 3428 paululum
719 3329 933 3428 angustius,
964 3194 1144 3445 sublinj

107 3463 173 3524 aut
195 3449 534 3549 oblongoovatum3
563 3461 757 3548 segmento
775 3457 793 3525 1
814 3448 1091 3542 subaciculato,
1115 3449 1144 3523 ir

107 3568 258 3644 tardum
278 3567 618 3655 subcanaliculato,
648 3566 794 3668 apicem
815 3593 947 3644 tersus
976 3590 1144 3675 perpamt

106 3687 285 3776 dilatato,
322 3687 525 3762 latitudine
552 3685 673 3787 duplo
700 3687 894 3788 longiore,
931 3692 1144 3795 sequeutiba

106 3807 224 3909 paulo
245 3806 477 3907 augustiore,
505 3806 694 3881 interdum
726 3808 894 3907 margine
916 3808 1023 3899 racio,
1052 3809 1144 3885 tuber

107 3927 205 4002 culis
220 3924 439 4000 lateralibus
463 3926 740 4003 intermedium
756 3943 794 4002 et
808 3927 915 4003 basin
930 3930 1035 4021 sitis;
1065 3941 1139 4011 2-

107 4049 197 4124 rufis
215 4063 278 4122 aut
293 4047 495 4137 castaneis,
524 4053 547 4126 4
564 4046 732 4149 margine
748 4047 866 4149 nigro
