2564 5078
542 240 744 295 caterua

111 414 238 493 Primo
256 432 388 487 omnes
415 405 502 483 illas
524 404 728 484 varietates
744 421 785 483 et
807 405 997 487 individua
1011 400 1106 521 colliga·¹
1134 428 1191 507 gg„

106 536 218 623 bam,
245 554 342 633 quae
362 526 526 603 seutello
548 541 697 616 carent3
723 526 865 609 deiude
884 525 1106 617 automni*
1136 550 1191 653 ,ἥρ

113 680 224 743 vans,
250 650 385 745 barum
406 646 633 725 varietatum
652 647 839 750 plurimas
858 649 1006 735 thorum
1019 663 1109 751 qut?
1137 668 1191 768 ψ

115 774 252 851 latiore
273 787 313 847 et
331 767 525 859 breviore,
553 793 722 849 necnon
747 768 917 846 incisura
933 755 1110 849 trameal
1138 798 1191 861 nem

114 920 188 997 qua
221 887 430 995 prothorax
456 915 477 962 a
502 886 762 967 metatboraee
795 889 1021 1003 sejungitur,
1044 884 1112 975 nist
1142 922 1188 981 a,

113 1011 313 1117 profunda,
329 1024 369 1085 et
382 1007 423 1083 in
434 1008 548 1098 dorso
561 1005 730 1086 thoracis
745 1010 871 1113 magis·
881 1012 1118 1115 ornament·-
1145 1021 1187 1101 tq

115 1132 227 1220 teris,
255 1126 484 1217 seutellatis,
513 1126 651 1229 quibus
664 1127 832 1205 incisura
847 1130 919 1205 ista
940 1122 1121 1207 domelinae
1151 1145 1191 1248 gp

117 1252 173 1354 gis
189 1265 290 1325 recta
306 1263 381 1337 est,
409 1247 641 1348 discrepare,
668 1246 746 1349 jam
766 1265 877 1325 notas
898 1250 1071 1327 iuvenisse
1084 1264 1126 1320 at
1176 1268 1191 1339 [

118 1372 252 1447 debam
275 1385 396 1445 certas
419 1382 459 1442 et
479 1360 754 1458 immutabiles,
783 1370 924 1470 quibus
946 1365 1132 1446 salttum
1162 1392 1191 1464 q,-

119 1491 282 1595 species,
309 1484 481 1589 diagnosi
510 1501 659 1578 exacta,
687 1486 907 1567 discernere·
926 1477 1137 1594 possem3td
1165 1504 1191 1581 t,

118 1610 235 1700 eheu,
263 1609 440 1685 omnibus
469 1606 673 1704 individuis
694 1608 951 1686 attentissime
979 1622 1140 1686 reconten-
1172 1657 1191 1705 g

119 1730 253 1833 platis,
279 1728 401 1804 multa
421 1741 545 1816 eraut,
574 1753 672 1829 quae
694 1726 753 1803 his
774 1730 877 1805 notis
900 1718 1142 1830 mediumqnal
1174 1756 1178 1763 ’

119 1851 316 1939 tenebant,
351 1847 567 1950 sensimque
598 1845 673 1923 huc
701 1848 742 1923 iu
767 1850 991 1942 scutellam,
1024 1844 1146 1926 illusit

120 1970 383 2065 exscutellata,
410 1967 631 2045 transibant.
686 1968 793 2045 Idem
821 1971 940 2046 etiam
966 1972 1013 2050 de
1033 1971 1147 2045 aliarm

120 2089 284 2190 partium
303 2089 425 2165 forma
445 2103 485 2166 et
501 2089 766 2192 proportione,
794 2116 965 2167 necnon
985 2092 1033 2167 de
1051 2084 1148 2165 color}

121 2209 192 2284 bus
212 2225 252 2285 et
272 2209 550 2311 magnitudine,
578 2236 618 2285 se
631 2209 827 2315 probabat.
882 2211 1038 2313 Ubique
1055 2208 1148 2286 transi·

121 2345 183 2406 tus
225 2330 466 2429 insensibiles
504 2330 809 2419 manifestantur,
850 2330 1040 2435 nulloque
1074 2325 1147 2406 molt

121 2464 330 2524 commotus
346 2479 444 2541 sum,
473 2450 667 2553 quidpiam
683 2450 729 2524 de
745 2474 791 2524 eo
806 2473 1009 2540 revocare,
1036 2445 1147 2554 quodit

122 2570 319 2671 prooemio
342 2573 387 2645 ad
401 2569 712 2671 Monographiam
736 2555 843 2642 lehn.
861 2571 1028 2670 pedestr.
1045 2573 1084 2645 de
1096 2563 1146 2640 Ich·

123 2691 323 2765 neumonis
341 2692 450 2793 agilis
464 2689 717 2766 variabilitate
732 2687 854 2761 fusius
871 2688 1145 2789 pronuntiati‘

122 2815 233 2885 Duae
250 2827 336 2884 sunt
354 2812 537 2899 rationeS,
566 2837 662 2911 quae
675 2808 739 2882 hic
753 2808 904 2881 admitti
921 2825 1083 2912 possunt,
1105 2799 1146 2878 sti

122 2931 231 3005 lieet:
268 2931 330 3005 vel
359 2930 505 3033 species
537 2927 611 3003 una
638 2928 842 3030 originaria
875 2930 1144 3006 assumendam
1178 2971 1191 3039 a?

123 3078 235 3152 quae,
272 3053 379 3152 quasi
405 3048 670 3125 mutabilitatis
704 3048 832 3124 indole
867 3051 1028 3152 quadam
1052 3051 1143 3122 innan

121 3171 366 3247 varietatibus
398 3169 601 3245 illimitatis
628 3185 877 3273 propagatur:
912 3171 978 3245 tel
1004 3171 1088 3244 duae
1107 3167 1144 3232 nt
1188 3250 1191 3255 y

121 3292 251 3393 plures
280 3291 425 3393 species
449 3289 675 3392 originariae
703 3289 818 3364 statui
846 3290 1008 3378 debent,
1034 3299 1144 3390 quam·
1178 3342 1188 3357 .

123 3413 261 3513 copula
285 3411 413 3513 spuria
436 3412 604 3487 nascitur
624 3410 840 3511 progenies,
871 3404 1145 3507 lormamagnitt
1170 3444 1191 3513 p.

122 3532 210 3606 dine
226 3548 264 3606 et
279 3531 472 3607 coloribus
488 3530 703 3632 multiplex.
758 3530 919 3606 Ratione
939 3532 1056 3633 prima
1067 3525 1145 3600 nina
1171 3524 1191 3629 ²2

122 3652 163 3725 in
188 3652 464 3753 Monographia
501 3677 673 3753 magnam
706 3648 842 3725 horum
873 3647 1147 3727 Pezonraehoml
1180 3704 1191 3744 3.

123 3770 271 3847 turbam
288 3770 326 3844 in
348 3799 459 3846 unam
477 3772 642 3875 speciem
659 3771 804 3872 redegi,
831 3772 923 3872 quia
941 3773 1045 3849 illius
1059 3762 1148 3841 turbat
1182 3850 1191 3869 ι

123 3890 318 3966 indiuidua
348 3891 487 3968 sensim
517 3891 731 3993 sensimque
760 3907 960 3968 mutantur
980 3909 1019 3969 et
1036 3892 1148 3965 intera
1186 3949 1191 3985 ·.

123 4025 330 4089 transeunt.
393 4011 490 4086 Cum
519 4028 645 4089 autem
670 4011 763 4088 baec
793 4014 1032 4111 mutabilitas
1056 3994 1149 4085 inditi·
1185 4062 1190 4103 ;
