2564 5078
102 252 179 325 240
533 264 740 317 rniruon

484 428 774 504 varietates:

183 560 215 629 1.
242 551 698 652 Antennistotissuscis,
721 545 783 622 vel
789 514 1018 649 sonoribus
1028 550 1126 625 antia

104 676 199 749 totis
207 669 352 764 flavis,
378 670 535 744 caeteris
558 684 684 744 autem
706 693 793 741 eum
810 664 1022 743 individuis
1036 660 1126 769 geni

105 792 163 866 nis
178 790 464 877 convenientes,
489 788 629 891 passim
642 784 899 888 reperiuntur.

180 971 217 1040 2.
246 962 394 1038 Fronte
420 966 575 1036 murico.
602 984 652 1033 m.
680 1000 734 1015 —
758 954 986 1058 Longitudo
1004 934 1127 1037 4--41

104 1083 301 1157 linearum.
356 1082 486 1183 Caput
506 1076 696 1155 interdum
716 1076 860 1180 palpis,
887 1076 1039 1153 macula
1061 1014 1127 1163 mi

107 1199 322 1274 dibularum
344 1211 385 1273 et
402 1198 528 1287 labro,
554 1194 743 1273 testaceis.
796 1198 1005 1275 Antennoe
1029 1168 1128 1271 attici

106 1319 154 1393 lis
178 1327 198 1396 1
221 1332 261 1392 et
280 1327 305 1394 2
326 1316 459 1417 nigris,
488 1316 733 1419 sequentibus
758 1314 820 1391 vel
850 1314 944 1389 totio
966 1312 1081 1417 nigris

106 1436 280 1512 testaceis
295 1461 408 1537 supra
419 1433 546 1512 fuscis.
598 1430 1050 1535 Aloefumatohyalinae,
1089 1422 1096 1431 ⁸

107 1573 207 1632 mate
228 1570 267 1634 et
284 1554 391 1632 radio
405 1555 747 1656 piceostramineis‚
773 1552 902 1628 radice
916 1552 1030 1643 flava,
1100 1648 1103 1655 Ι

107 1678 210 1753 mula
225 1676 349 1778 nigra,
370 1676 495 1751 areola
509 1674 731 1776 triangulari
745 1670 945 1773 irregulari
961 1670 1050 1747 subs

108 1798 230 1875 Pedes
242 1796 346 1871 coxis
361 1808 401 1871 et
410 1793 714 1870 trochanteribus
727 1790 862 1894 nigrim
886 1790 1095 1869 femoribuo

108 1917 202 2020 gria,
225 1912 476 1989 anterioribus
489 1913 637 2014 apicem
649 1937 779 1990 versuo
794 1925 833 1987 et
848 1910 983 1987 subtus
996 1910 1054 1987 ful

109 2038 184 2125 vis,
212 2032 345 2108 mediis
360 2032 549 2110 interdum
567 2031 651 2106 solo
664 2031 772 2133 apice
786 2033 904 2120 flavo,
929 2030 1040 2109 tibiis

111 2152 267 2259 posticis
282 2151 391 2253 apice
405 2153 529 2253 nigro;
555 2152 665 2227 tarsis
678 2151 805 2242 fulvis,
827 2150 990 2253 posticis
1004 2150 1067 2229 vei
1095 2138 1107 2253 Ἰ

110 2277 173 2353 vel
189 2274 336 2376 apicem
348 2297 478 2348 versus
493 2269 622 2347 fuscia.
675 2271 878 2351 Abdomen
891 2271 955 2346 vel
970 2298 1038 2374 aeg
1086 2262 1097 2365 J

111 2400 228 2476 2-4
248 2394 356 2481 rufis3
383 2392 446 2467 vel
459 2407 653 2493 segmento
669 2402 689 2470 1
704 2391 791 2467 rufo
809 2390 889 2467 basi
904 2390 1046 2495 petioli

110 2517 226 2596 2-5
237 2513 514 2601 testaceorufis,
542 2512 566 2587 5
582 2510 748 2611 margine
762 2510 881 2611 nigr0.

188 2633 428 2709 Individuum
443 2659 558 2706 unum
576 2632 661 2734 cepi
676 2656 805 2707 mense
819 2632 1013 2731 Augusto,
1039 2628 1079 2707 in
1089 2624 1131 2705 a!

111 2754 263 2829 bellatis
284 2778 404 2855 prope
426 2751 659 2840 Codowom,
687 2776 865 2825 unacum
884 2750 1021 2825 multia
1039 2732 1131 2827 ino'n'

112 2874 196 2948 duis
217 2872 409 2973 genuinis;
436 2870 598 2946 alterum
623 2870 727 2972 cepit
746 2868 905 2946 Richter
925 2894 1051 2973 prope
1072 2849 1131 2949 Vri

114 2994 321 3080 tislnviam,
337 2991 451 3092 idque
465 2990 599 3092 majus,
616 3016 682 3065 ore
697 3005 736 3066 et
749 2986 921 3064 antennis
936 2988 1034 3065 cotis
1048 2974 1132 3093 aigi

113 3111 318 3186 femoribus
333 3109 468 3186 mediis
484 3110 568 3185 solo
582 3108 691 3212 apice
705 3110 813 3201 flavo,
842 3108 1050 3211 segmentis
1066 3100 1132 3191 1⁴⁵

112 3232 214 3308 rufis·

505 3402 782 3501 Synonyma:

114 3535 222 3612 lehn.
244 3538 446 3636 elongator
467 3536 576 3610 Fabr.
594 3535 693 3613 Piez.
712 3563 749 3638 p.
766 3544 827 3626 67,
854 3564 890 3612 n.
906 3542 970 3615 72.

164 3710 187 3743 ,,
241 3654 431 3731 Gravenh.
449 3656 535 3730 Ped.
553 3685 589 3730 n.
609 3665 694 3735 128.

165 3828 189 3863 ,,
242 3774 423 3875 Trentep.
441 3774 480 3849 in
493 3774 593 3848 Iside
612 3782 712 3852 1826
726 3798 762 3876 p.
777 3780 865 3863 224,
886 3802 922 3850 n.
937 3780 986 3855 41
1006 3773 1133 3875 (exclu

316 3894 499 3968 varietate
518 3921 562 3983 o,
589 3920 686 3995 quae
700 3894 748 3970 ad
766 3920 909 3971 marem
922 3898 1073 4000 Crypta'
1084 3900 1134 3973 co.

317 4014 459 4093 latoris
480 4016 657 4118 spectat).
